2992 4925
364 345 544 425 1324

373 510 608 561 locorum
630 508 739 573 ejus
761 508 958 559 insulae.
993 509 1176 559 Barth.

366 594 377 601 '
438 590 505 636 29
535 586 708 635 Boreoe
723 591 931 636 rastator
950 592 1001 635 et
1018 585 1215 649 Austri]
1248 584 1438 637 Rebel-

372 662 499 713 lium
517 661 646 711 inibi
672 662 1035 712 Barbarorum.
1073 663 1219 713 laem.

364 773 373 792 2
437 744 503 790 30
536 739 695 801 Rigor
734 740 960 804 oeternus]
1015 740 1196 803 Frigus
1253 754 1437 804 perpe·

374 822 518 865 tuum
541 833 554 865 ι
590 815 923 866 inclementia
943 809 1058 867 coeli
1082 812 1236 879 nulla,
1254 813 1438 881 inquit,

373 893 623 943 virtutem
672 893 825 958 hujus
879 894 1044 944 Ducis
1099 891 1437 957 impediebat,

374 969 513 1034 quin'
532 969 593 1018 iis
615 970 744 1019 locis
766 970 999 1021 caederet
1037 971 1233 1033 hostes,
1254 969 1435 1037 quibus

375 1046 475 1096 tuti
496 1046 615 1096 acre
636 1061 728 1096 suo
750 1047 1074 1099 videbantur.
1108 1047 1256 1097 laem.
1340 1056 1351 1066 ’
1374 1041 1385 1046 ’

442 1119 566 1171 Caeli
609 1123 724 1188 quid
744 1122 941 1185 frigora
977 1117 1200 1190 prosunt]
1263 1122 1435 1173 Sidera

316 1251 320 1256 ,
374 1200 558 1263 primas
583 1200 841 1250 editiones
884 1216 998 1251 cum
1039 1216 1140 1251 uno
1179 1200 1433 1267 Vaticano

371 1282 428 1325 et
462 1277 809 1327 Farnesiano:
844 1292 998 1342 quam
1035 1277 1310 1342 lectionem
1348 1292 1437 1327 ve·

362 1365 489 1402 ‹ram
511 1353 751 1417 probavit
770 1354 1066 1405 Gronovius
1087 1360 1263 1404 noster
1283 1355 1319 1404 l.
1345 1349 1435 1404 iu.

377 1432 459 1479 12.
526 1429 996 1481 Observationum:
1053 1446 1184 1481 unus
1237 1431 1434 1481 Medic.

375 1510 500 1556 tert.
537 1505 714 1557 Vatic.
738 1515 795 1557 et
828 1508 1211 1572 Rottendorph.
1253 1510 1436 1560 littora.

373 1578 434 1629 τὸ
453 1581 609 1631 sidera
627 1597 694 1631 ex
714 1581 1003 1647 Drepanio,
1017 1585 1169 1633 Floro
1204 1591 1261 1634 et
1274 1586 1436 1635 Plinii

375 1657 704 1723 Panegyrico
727 1666 870 1709 recte
893 1661 1051 1709 etiam
1076 1661 1293 1710 asseruit
1314 1662 1437 1710 Bar·

376 1725 549 1785 thius:
583 1741 760 1785 noster
796 1737 963 1787 denuo
984 1751 1062 1788 vr.
1095 1739 1303 1789 Consul.
1330 1737 1439 1789 Ho-

360 1812 530 1874 ·norii,
582 1827 658 1862 vs.
706 1817 821 1864 444.
854 1816 990 1880 ‘quo
1041 1814 1282 1878 gentibus
1336 1816 1437 1868 illis

373 1888 556 1938 Sidere
610 1892 848 1941 consueti
907 1890 1052 1942 favet
1105 1893 1440 1945 inclementia

376 1963 526 2015 coeli?
580 1966 669 2016 ubi
712 1966 832 2016 vide
876 1983 994 2033 quae
1048 1974 1303 2021 notamus.
1368 1970 1438 2022 D.

376 2039 550 2092 Heius.

439 2122 502 2172 sl
537 2119 850 2185 Ignotumque
898 2120 1113 2187 fretum]
1180 2122 1437 2174 Remotis·

374 2195 505 2258 sima
534 2197 655 2247 loca
709 2198 784 2248 sic
817 2200 1087 2263 appellant
1134 2199 1436 2288 scriptores.

374 2269 557 2324 Barth.
1184 2305 1193 2314 .

439 2346 626 2399 Saxone
648 2347 785 2411 fuso]
841 2349 1118 2400 Fortitudo
1166 2357 1222 2401 et
1271 2347 1437 2402 virtus

376 2430 573 2474 caetera
613 2421 765 2487 hujus
802 2425 1129 2477 nobilissimae
1173 2428 1344 2492 gentis
1364 2427 1437 2478 fe-

375 2515 496 2552 cere
519 2503 577 2551 ut
602 2501 667 2551 ab
689 2503 750 2551 iis
781 2503 867 2551 vel
890 2503 1042 2553 victis
1067 2504 1151 2553 vel
1172 2519 1437 2570 oppugna-

361 2579 443 2629 ·tis
464 2578 817 2644 Imperatores
850 2581 935 2630 vel
959 2580 1014 2630 in
1047 2579 1226 2647 primis
1259 2581 1436 2633 lauda-

376 2661 575 2709 rentur.

440 2731 633 2783 Saxone
643 2731 760 2793 fuso
784 2732 1017 2798 Orcades]
1039 2733 1270 2785 Palustri
1289 2735 1438 2786 nimi-

376 2825 490 2860 rum
527 2819 619 2861 aut
652 2811 912 2862 maritimo
945 2813 1141 2876 praelio.
1203 2808 1437 2864 saxones

375 2889 515 2940 enim
537 2903 602 2938 eo
623 2902 814 2952 genere
837 2888 1066 2939 bellandi
1086 2889 1307 2940 nobiles.
1386 2888 1391 2895 “

358 3000 369 3009 -
440 2969 533 3016 32*
560 2966 802 3015 Pictorum
835 2966 1086 3030 sanguine]
1157 2966 1441 3019 Notissima
1501 2992 1514 2998 ·

376 3034 491 3109 quae
515 3044 582 3093 de
604 3043 681 3093 his
699 3042 913 3095 tradunt
931 3043 1131 3108 Poetae,
1148 3043 1336 3110 aliique
1349 3038 1438 3095 *ve-

377 3127 513 3170 teres
556 3119 864 3182 Scriptores.
929 3118 1104 3168 Latini
1144 3120 1315 3170 Pictos
1350 3136 1440 3170 vo-

376 3203 502 3247 cant
532 3198 625 3246 hos
650 3196 867 3260 populos
901 3211 934 3248 a
964 3197 1266 3260 corporibus
1300 3200 1437 3248 colo·

377 3273 518 3324 ribus
542 3272 845 3337 variegatis,
868 3279 922 3322 et
951 3273 1075 3337 quia
1096 3273 1322 3337 ipsorum
1344 3274 1439 3323 lin·

378 3364 480 3413 gna
518 3348 797 3413 appellatio
838 3361 941 3396 non
979 3346 1190 3397 ablusit.
1240 3349 1440 3400 Pehitos

378 3425 516 3480 enim
559 3425 845 3489 appellatos
884 3426 1124 3487 ‘apparet
1166 3439 1235 3475 ex
1277 3426 1439 3477 Wite-

378 3501 587 3552 chindo.
622 3500 807 3550 Barth.

366 3608 399 3645 ι,
442 3582 506 3627 33
539 3577 787 3627 Scotorum
818 3575 1046 3640 cumulos]
1088 3577 1282 3639 Merito
1316 3579 1437 3630 Sco-

366 3652 550 3706 -toruni
604 3662 829 3719 stragem
883 3654 1144 3704 Hibernia
1205 3654 1436 3721 deflevit,

379 3724 501 3783 cnm
521 3731 703 3782 eadem
722 3747 848 3795 gens
885 3729 1046 3781 fuerit
1070 3732 1336 3800 utriusque
1357 3748 1436 3783 re·

350 3844 365 3863 x
374 3808 544 3876 gionis
564 3807 858 3857 habitatrix.

448 3885 682 3935 Glacialis
704 3883 861 3947 [erne]
895 3883 983 3934 De
998 3882 1270 3947 Hibernia,
1286 3901 1439 3951 quam

378 3977 515 4014 nunc
533 3961 773 4024 dicimus,
784 3965 840 4009 et
863 3961 1192 4023 appellarunt
1202 3960 1440 4027 Antiqui,
1505 3988 1510 3997 -

379 4053 570 4091 sermo.
636 4038 764 4087 Eam
816 4034 1005 4086 lernen
1051 4043 1228 4087 noster
1265 4046 1437 4089 vocat.

382 4116 693 4257 B‘ghbuis,
707 4190 836 4242 calor
876 4188 1088 4263 obsistit]
1123 4191 1337 4245 Obsistat
1355 4193 1438 4245 vel

716 363 936 415 norst:
982 362 1387 414 namnum
1435 363 1518 413 m
1563 363 1683 412 ct..
1723 361 2007 412 cnsun.
2051 332 2231 412 vui.

1510 506 1620 557 sine
1642 505 1787 558 libris
1810 507 1947 571 lego.
1963 508 2048 558 vel
2065 506 2333 564 obstiterit:
2349 523 2582 577 nampr-

1511 582 1688 634 Vatic.
1733 591 1789 633 et
1833 585 2048 634 Fames.
2080 584 2316 636 obstituit.
2331 581 2573 640 'Luceria

1510 659 1622 723 quid
1641 655 1798 709 calor.-
1815 660 2069 726 quomodo
2088 670 2143 711 et
2165 661 2253 711 alii
2277 651 2573 758 duodecim.

1512 735 1582 788 D.
1606 735 1777 786 Heius.
1939 755 1946 762 ’

1578 813 1702 870 Quis
1721 815 1848 863 calor
1868 815 2062 865 obsidat
2096 814 2251 879 forti]
2286 815 2442 868 Silius
2464 816 2572 868 Ita-

1511 888 1660 954 licus,
1702 889 1737 940 l.
1760 903 1854 941 XV.
1899 890 2252 943 Punicorum:
2285 895 2302 922 ‘
2329 883 2492 943 virtus
2518 887 2574 943 'te

1511 964 1649 1016 s'aeva
1696 967 1909 1032 jubebit
1960 968 2069 1018 Per
2109 969 2309 1021 medias
2353 969 2575 1020 volitare

1510 1043 1668 1106 acies,
1689 1043 1984 1108 mediosque
2008 1058 2104 1108 per
2131 1044 2312 1108 ignes!
2346 1044 2575 1108 Curtius,

1509 1121 1546 1172 l.
1569 1135 1696 1172 vui.
1724 1122 1742 1150 ‘
1766 1121 1913 1173 Nihil
1948 1128 2054 1171 tam
2077 1122 2184 1172 alte
2226 1122 2429 1174 Natura
2445 1117 2571 1171 ‘con-

1511 1199 1704 1263 stituit,
1743 1214 1842 1265 quo
1877 1199 2042 1249 virtus
2064 1213 2167 1249 non
2189 1198 2378 1263 ‘possit
2401 1197 2576 1250 eniti!

1513 1275 1762 1326 Ovidius·
1812 1276 1828 1305 ‘
1869 1274 2021 1325 Invia
2061 1274 2261 1324 Virtuti
2306 1269 2447 1323 nulla
2477 1269 2574 1324 'est

1510 1352 1612 1403 via.
1614 1351 1884 1404 ’.Banlt

1510 1443 1520 1452 ⁶
1576 1435 1639 1482 ⁸5
1675 1431 1827 1481 Novis
1877 1428 2120 1534 maniplis]
2172 1428 2250 1479 Iis
2290 1426 2421 1478 locis
2470 1441 2574 1477 non

1514 1506 1653 1557 visis.

1578 1583 1804 1647 Atlanta]
1837 1586 2004 1637 Quem
2026 1588 2254 1644 montem
2272 1579 2476 1650 infinita
2498 1579 2573 1631 vis

1510 1659 1803 1742 ignotarum
1836 1659 1947 1712 fere
1991 1659 2228 1724 gentium
2256 1644 2578 1709 adhabitavit

1513 1734 1738 1802 semper.
1801 1737 2046 1788 Atlantem
2072 1742 2339 1801 penetrasse
2357 1734 2574 1784 ducibus

1513 1815 1755 1864 Romanis
1795 1823 2027 1864 veterem
2067 1813 2281 1877 gloriam
2304 1805 2463 1862 fuisse
2484 1826 2574 1861 no·

1516 1899 1595 1942 tat
1617 1892 1904 1955 Plinius‚v.
1925 1897 1971 1941 1.
2005 1889 2185 1940 Barth.

1511 1999 1518 2010 ·
1578 1973 1643 2019 36
1682 1969 1981 2032 Virgineam
1982 1968 2178 2022 Tritona
2197 1964 2340 2029 bibit]
2376 1963 2472 2018 ob
2485 1979 2578 2015 na·
2607 2005 2608 2010 ,

1515 2040 1622 2097 tan'i
1659 2062 1726 2096 ex
1748 2061 1810 2100 eo
1831 2053 2034 2110 stagno,
2054 2042 2334 2093 secundum
2377 2039 2578 2090 fabula·

1514 2130 1672 2188 tores,
1724 2125 2017 2175 Minervam
2067 2114 2271 2184 semper
2323 2117 2584 2182 virgi'nem

1511 2204 1702 2266 Deam,
1715 2202 2095 2268 praesidemque
2118 2203 2173 2247 et
2183 2193 2447 2247 ‘vindicem
2460 2194 2577 2244 Vir·

1512 2280 1763 2343 ginitatis.
1828 2278 1981 2328 Unde
2001 2280 2015 2305 ‘
2037 2275 2226 2339 palude
2250 2270 2574 2338 prognatam’

1512 2355 1796 2419 appellavit
1837 2354 2064 2403 Ennius:
2098 2353 2114 2380 ‘
2141 2352 2373 2415 Corpore
2415 2355 2576 2399 tarta-

1510 2432 1645 2495 rino,
1667 2436 1920 2497 prognata
1941 2427 2133 2505 palude
2156 2425 2372 2492 virago?
2418 2427 2574 2489 Idem.

1575 2511 1637 2559 3⁷
1675 2505 1962 2568 Gorgoneis]
2014 2505 2134 2554 Non
2147 2503 2448 2566 Gorgoneos.
2472 2501 2577 2553 Ita

1509 2583 1791 2647 legendum
1826 2578 1946 2631 olim
1991 2576 2343 2644 conjeceram.
2377 2576 2573 2629 confir·

1510 2667 1653 2711 mant
1675 2665 1783 2710 tres
1808 2658 2009 2722 scripti.
2029 2659 2114 2708 -Π,
2139 2652 2316 2707 Heius.
2591 2658 2596 2662 ’

1503 2762 1510 2767 -
1578 2738 1844 2800 Gorgoneis
1862 2735 1983 2786 vidit
2017 2734 2268 2798 thalamos]
2323 2731 2573 2783 Lutacius

1511 2814 1738 2866 fabulam
1769 2814 2018 2865 'brevibus
2054 2809 2315 2873 recenset,
2336 2817 2575 2861 extrema

1511 2892 1920 2957 Metamorphosi
1943 2892 2165 2945 Quarta.
2202 2882 2378 2940 Barth.
2431 2884 2434 2887 ’
2481 2903 2488 2911 ·

1576 2973 1640 3019 38
1673 2967 2024 3031 Ditatfabula]
2076 2966 2265 3023 Aureis
2307 2965 2474 3029 malis,
2509 2964 2575 3016 ab

1513 3061 1637 3098 auro
1671 3044 1950 3096 fructibus.
2016 3036 2263 3093 Fabulam
2288 3036 2407 3092 ‘vide
2433 3040 2574 3108 apud

1512 3121 1798 3172 Diodorum
1836 3120 2083 3181 Siculum,
2119 3117 2212 3167 lib.
2247 3131 2335 3169 m.
2381 3118 2475 3168 'Ex
2496 3118 2576 3168 bis

1512 3197 1677 3262 pomis
1696 3196 1851 3246 fuisse
1873 3195 1926 3244 id
1956 3209 2057 3260 quo
2082 3188 2273 3258 injecto
2293 3193 2408 3245 Eris
2427 3196 2573 3245 Deas

1512 3273 1580 3323 de
1635 3271 1814 3322 formae
1858 3271 2166 3336 praestantia
2201 3270 2255 3319 in
2311 3276 2575 3323 certamen

1510 3348 1731 3410 miserit,
1752 3362 1869 3397 cum
1911 3345 2115 3396 doleret
2139 3347 2202 3396 ad
2226 3344 2455 3410 Nuptias
2473 3346 2582 3401 Pei

1511 3424 1586 3474 le‘i
1608 3430 1662 3474 et
1692 3423 1927 3474 Thetidis
1967 3437 2068 3472 non
2115 3423 2351 3486 invitata,
2383 3422 2575 3474 memo·

1511 3509 1595 3550 rat
1611 3500 1865 3551 Coluthus
1886 3499 1940 3548 in
1963 3500 2137 3562 Raptu
2161 3498 2397 3549 Helenae.
2417 3498 2566 3551 laem.

1503 3598 1512 3605 ·
1574 3582 1639 3628 89
1670 3578 1782 3628 Arx
1799 3577 1988 3627 incensa
2010 3577 2176 3641 Juboe]
2225 3579 2380 3641 Regis
2418 3578 2571 3629 Mau-

1509 3654 1749 3706 ritaniae:
1779 3653 1936 3705 Jubai
1970 3669 2093 3718 ergo
2128 3653 2345 3718 Regiam
2376 3662 2574 3707 certam

1510 3731 1690 3780 urbem
1712 3731 1947 3794 agnoscit
1969 3731 2300 3781 Claudianus.

1576 3806 1741 3870 Juboe]
1765 3807 1871 3857 Per
1884 3807 2095 3870 dabam,
2107 3808 2307 3873 accipio
2323 3808 2573 3873 Firmum,

1514 3883 1752 3935 Gildonis
1773 3882 2007 3935 fratrem.
2039 3887 2226 3935 Delrio.

1578 3961 1753 4012 Rabies
1774 3963 2047 4026 Maurusia]
2078 3963 2427 4012 Barbararnm
2449 3975 2578 4026 gen-

1513 4039 1648 4093 tium,
1682 4038 1885 4100 feritas,
1928 4054 2055 4102 quas
2093 4039 2339 4086 immanes
2380 4034 2574 4092 excivit

1510 4114 1754 4166 funereus
1776 4117 1929 4177 latro,
1966 4113 2044 4164 uti
2080 4113 2307 4162 Firmum
2340 4112 2573 4178 appellat

1511 4190 1827 4244 Ammianus.
1914 4190 2218 4241 Maurorum
2269 4197 2453 4258 gentes
2503 4192 2572 4243 ad
