2992 4925
898 336 998 385 DE
1044 336 1269 385 NUPT·
1314 335 1600 385 HoNOR.
1647 335 1741 383 ΕΤ
1789 336 1977 385 MAR.

330 477 453 530 dum
485 477 832 545 primevam
859 488 1010 533 motos
1049 483 1209 532 etiam
1236 497 1395 532 mes

328 553 589 622 quomodo
608 560 726 609 moti
732 558 915 623 fluctus
929 560 1068 624 apud
1087 561 1354 612 Maronem
1375 576 1390 610 :

327 647 450 682 mox
476 635 697 685 Naribus
713 651 931 687 accensus
967 637 1141 701 potior
1172 638 1393 702 scripto-

326 722 441 772 rum
475 724 616 773 pars,
635 725 741 761 non
758 712 995 762 accensis.-
1028 713 1183 764 aliter
1217 720 1391 763 tamen

325 785 707 850 castigatiores.
740 789 809 837 D.
833 789 1003 840 Heius.

326 878 336 887 ·
393 862 552 912 Notos
587 864 769 927 amnes]
825 864 910 914 Ad
945 882 1071 932 quos
1109 866 1387 919 educatos:

325 941 651 1063 ‹gioshposcit
661 956 813 1005 opem
826 942 880 991 in
903 942 965 993 iis
987 944 1093 992 suis
1110 945 1389 996 doloribus.

378 1019 459 1063 art
496 1052 510 1067 .

391 1095 490 1141 295
530 1094 800 1158 Candidus]
851 1095 1079 1146 Ministri
1118 1098 1280 1149 albati
1321 1100 1392 1149 in·

325 1166 473 1231 signe
492 1169 845 1235 Principatns.
912 1174 1023 1237 Ego
1052 1181 1224 1225 tamen
1251 1182 1395 1240 toga·

327 1250 439 1295 tum
482 1247 570 1297 hic
613 1250 902 1300 exercitum
950 1251 1094 1299 innui
1132 1253 1389 1315 existimo,

327 1324 570 1386 quoniam
591 1326 823 1389 posuisse
856 1341 973 1382 eum
993 1342 1138 1378 arma
1155 1337 1392 1381 autumat

326 1399 672 1463 Claudianus3
726 1409 786 1452 ut
830 1402 1046 1465 pacifico
1089 1406 1390 1471 nrbanoque

323 1475 505 1526 habitu
527 1478 770 1541 gaudium
792 1479 1056 1544 Principis
1085 1480 1248 1532 fuerit
1269 1498 1391 1534 cou-

328 1560 569 1606 testatus.
605 1558 756 1606 Idem.

330 1661 335 1666 -
390 1633 639 1682 Candidus
674 1623 934 1699 exereitus]
1002 1635 1142 1687 Ante
1185 1638 1391 1690 dixerat

232 1756 239 1770 ‚
325 1709 503 1759 niveas
526 1712 794 1775 cohortes,
830 1729 948 1778 quae
986 1709 1098 1765 scil.
1152 1716 1204 1765 iu
1234 1718 1390 1767 comi·

327 1790 440 1835 tatu
462 1785 744 1850 Principis.
781 1790 967 1839 Claver.

331 1870 338 1879 '
386 1868 487 1913 296
521 1866 727 1915 Exultat
737 1882 944 1916 mer-um
953 1868 1103 1932 cirea]
1120 1870 1390 1931 Nonjuoeta

323 1940 477 1992 libri:
505 1943 647 1994 ‚vidit
661 1937 934 1995 Barthius:
959 1959 1080 1995 mox
1103 1949 1391 2012 producent,

323 2031 415 2066 sex
437 2019 623 2083 scripti
640 2021 765 2069 diem
780 2035 895 2069 cum
913 2021 1079 2083 primo
1093 2023 1351 2072 Vaticano
1372 2040 1385 2072 :

321 2094 480 2146 nihilo
503 2097 752 2148 deterius.
785 2099 854 2148 D.
876 2098 1049 2150 Heius.

383 2177 486 2223 297
525 2174 717 2223 Pluvia
736 2174 862 2238 ritu]
897 2175 1081 2225 Omnis
1103 2175 1283 2239 iugens
1304 2191 1390 2226 co-

320 2247 408 2313 pia
427 2250 621 2312 pluviae
647 2266 777 2300 voce
788 2251 1060 2302 iudicatur.
1093 2254 1272 2304 Barth.

380 2330 485 2377 299
525 2328 679 2376 Veluti
701 2330 858 2392 lauro]
903 2330 1164 2394 Tanquam
1206 2330 1261 2379 in
1300 2330 1389 2380 tri·

321 2403 533 2469 umpho.
599 2404 836 2469 Myrtum
866 2405 1064 2471 jungit,
1102 2406 1168 2456 ob
1189 2405 1388 2457 festivi·

320 2486 488 2531 tatem
510 2482 835 2546 Nuptialem.
902 2481 1076 2533 Alibi:
1128 2484 1145 2512 ‘
1166 2485 1238 2534 Et
1266 2486 1386 2535 cali·

320 2556 399 2606 dis
449 2558 665 2627 thalami
708 2559 944 2609 succedit
979 2556 1158 2609 laurea
1190 2554 1387 2612 sertis!

380 2715 487 2760 301
516 2712 618 2762 Seu
651 2713 786 2775 eolis]
822 2714 1010 2763 Premis
1045 2714 1195 2779 prim.
1215 2715 1387 2767 Vatic.

320 2794 373 2837 et
394 2788 487 2837 alii
509 2804 715 2840 novem.
755 2792 826 2840 D.
850 2790 1022 2839 Heius.

324 2890 331 2895 ·
380 2869 481 2916 3⁰3
519 2867 765 2917 Gonnubia
779 2868 971 2932 pmat]
1007 2868 1388 2934 CunabulmGy·

319 2942 452 2991 rald.
498 2942 556 2992 et
609 2945 1003 3009 quatuordecim
1047 2945 1170 2996 alii:
1227 2953 1386 3000 recte.

317 3020 586 3070 Educatus
610 3022 748 3071 enim
773 3038 802 3072 a
822 3023 1111 3074 Theodosio
1133 3025 1384 3075 Stilicho:

316 3112 413 3160 pro
435 3099 554 3147 Jam
570 3104 731 3160 gratoe
744 3100 927 3149 rediere
948 3101 1088 3165 vices,
1109 3096 1262 3164 prim.
1288 3102 1387 3151 Va-

317 3173 477 3224 tican.
501 3190 620 3224 cum
657 3175 885 3241 quinque
919 3177 1054 3241 aliis,
1094 3179 1176 3228 En
1211 3185 1385 3243 grate.

317 3248 488 3299 Idem.

382 3329 478 3377 30⁵
517 3327 660 3383 Quod
691 3329 908 3395 dederat]
945 3332 1162 3382 Dederas
1182 3334 1389 3384 Barthi·

315 3417 407 3452 us:
442 3403 754 3455 confirmant
775 3412 895 3457 octo
914 3408 1054 3477 libri
1090 3411 1156 3460 D.
1182 3411 1354 3464 Heius.

323 3479 520 3535 Quod
558 3482 755 3531 dederat
784 3485 999 3549 genitor]
1051 3486 1286 3551 Acutius,
1309 3492 1389 3539 de-

315 3556 469 3605 aeras.
524 3555 681 3608 Quod
710 3564 768 3606 tu
789 3560 864 3609 illi
897 3560 1138 3624 dederas,
1178 3562 1276 3612 hoc
1299 3564 1388 3614 ille

314 3634 409 3684 tibi
431 3635 643 3685 reddit
627 3651 681 3685 m
702 3645 824 3687 nato
849 3645 959 3701 tuo,
980 3642 1291 3693 connubium
1314 3644 1387 3693 ni·

315 3710 500 3760 mirum
522 3713 805 3776 sanguinis.
842 3716 1020 3766 Barth.

375 3790 475 3836 30⁷
511 3788 723 3852 Dignus,
744 3805 880 3853 quem
913 3793 1115 3857 legeres]
1142 3790 1285 3846 'Nou
1309 3796 1386 3847 cui

315 3863 439 3924 teges
462 3863 687 3914 Lucens.
724 3867 875 3927 prim.
896 3869 1138 3922 vatican.
1162 3881 1218 3921 et
1240 3874 1386 3937 quin-

317 3937 485 3994 decim
502 3938 622 3990 alii:
658 3941 879 3992 diximus
904 3945 1058 3996 Cous.
1080 3949 1384 4013 Manlii,'vs.

318 4018 430 4067 747.
451 4029 731 4078 promerem
768 4019 981 4085 habena,
1022 4025 1174 4087 prim.
1205 4025 1385 4079 Vatic.

320 4098 373 4141 et
399 4099 519 4143 octo
553 4095 643 4143 alii
680 4101 832 4145 tantoe
865 4099 1075 4150 habente.
1107 4102 1387 4167 Juniauus,

320 4170 451 4231 regni
468 4169 673 4221 mm.
697 4173 775 4237 ,D.
799 4174 986 4229 Heius.
1048 4180 1053 4185 ’

380 4245 596 4308 Pignora
633 4248 762 4350 ἐαιιίί
801 4249 1064 4316 Principis]
1112 4254 1281 4319 Supra
1300 4269 1391 4305 uo.

2366 319 2540 388 1388

1470 481 1692 534 tavimus
1727 480 2063 532 Stilichonem
2108 493 2217 543 prae
2255 495 2312 529 se
2356 484 2539 533 tulisse

1468 565 1747 623 utrumque
1780 556 1942 608 tilium
1965 572 2088 614 ,suae
2129 559 2311 608 tutelae
2336 573 2365 607 a
2387 560 2542 609 mori-

1469 641 1590 685 ente
1611 635 1906 686 Theodosio
1928 633 2373 696 commendatum3
2400 635 2539 700 quod

1468 713 1596 761 sane
1614 712 1896 763 verisimile
1914 713 2070 783 etiam
2093 717 2208 774 est;
2241 711 2424 777 utique
2448 712 2540 763 de·

1467 787 1583 838 buit
1605 790 1646 838 is
1666 787 1855 839 facere.
1892 787 2074 839 Barth.'

1533 871 1631 918 3⁰9
1680 869 1855 917 Dicere
1891 883 2013 917 nunc
2046 865 2248 931 possem]
2300 866 2386 915 Ita
2434 867 2544 931 Gy·
2576 867 2582 874 ’

1468 943 1598 1012 ram,
1621 946 1840 995 Luceus.
1862 952 1917 995 et
1936 952 2056 995 octo
2079 946 2189 998 alii:
2229 946 2379 994 bene.
2399 943 2542 994 bello

1467 1021 1610 1071 Gild.
1631 1021 1685 1070 in
1708 1022 1945 1073 oratione
1967 1023 2219 1072 militum:
2267 1024 2285 1053 ⁴
2314 1022 2539 1073 Quassa-

1467 1096 1537 1146 tis
1560 1098 1714 1162 cupio
1738 1099 1974 1148 tellurem
1999 1098 2161 1161 figere
2197 1097 2414 1148 rostris!
2448 1111 2541 1161 po-

1466 1180 1608 1224 terat
1630 1173 1821 1223 dixisse
1842 1175 2065 1237 eupimus.
2088 1174 2179 1223 lib.
2201 1187 2261 1224 11.
2284 1174 2337 1221 in
2363 1171 2539 1223 Rufln.

1466 1251 1582 1315 pari
1614 1251 1769 1301 modo
1804 1252 2023 1300 milites:
2073 1252 2217 1315 ‘jam
2260 1250 2542 1301 formidata

1466 1329 1676 1393 tyranni
1717 1330 2025 1395 Tempestas
2071 1329 2337 1379 subeunda
2377 1327 2541 1378 mihi.’

1466 1412 1541 1467 et,
1573 1406 1588 1433 ‘
1611 1406 1687 1453 Tu
1711 1405 1834 1455 mihi
1876 1405 1981 1454 dux
2018 1418 2242 1469 semper,
2281 1403 2541 1455 Stilicho!

1465 1482 1666 1531 Eodem
1688 1483 1820 1533 libro
1844 1482 2137 1532 exercitus:
2187 1482 2204 1509 ⁴
2230 1481 2382 1530 Unde
2408 1480 2540 1545 redi,

1464 1560 1669 1610 nescis?
1701 1560 1938 1623 patiarne
1974 1559 2154 1608 audire
2181 1558 2410 1619 satelles,
2433 1556 2543 1610 Qui

1463 1637 1611 1701 leges
1678 1638 1795 1688 aliis
1853 1635 2255 1699 libertatemque
2300 1632 2485 1683 reduxi
2502 1632 2542 1681 ?’

1462 1713 1535 1764 D.
1554 1713 1731 1764 Heius.

1529 1791 1629 1841 Sub
1650 1791 1816 1855 AEmo]
1848 1791 2008 1841 Initio
2026 1790 2365 1855 Principatus
2383 1789 2542 1839 Thra-

1464 1883 1553 1918 cas
1593 1876 1651 1919 et
1689 1870 1909 1934 Scythas
1953 1869 2153 1919 domuit
2195 1867 2536 1918 Theodosius.

1529 2027 1626 2072 310
1660 2022 1968 2085 Fumantem]
2002 2021 2187 2071 Calido
2212 2009 2540 2071 exuberante

1463 2100 1732 2161 sanguine.
1767 2098 1918 2148 Idem.

1527 2178 1621 2224 311
1662 2176 1817 2224 Notus
1852 2174 2036 2238 clypeo]
2072 2175 2153 2224 Ex
2191 2173 2430 2225 illo‘AEn.
2452 2187 2536 2224 xx.

1464 2250 1532 2300 de
1556 2251 1751 2301 AEnea:
1786 2251 1801 2279 ‘
1825 2257 2047 2316 experto
2070 2249 2289 2312 credite,
2309 2255 2534 2315 quantus

1463 2328 1529 2377 In
1552 2329 1792 2393 clypeum
1810 2336 2063 2392 assurgat,
2081 2342 2183 2392 quo
2201 2326 2416 2376 fulmine
2435 2335 2537 2376 tor·

1461 2411 1624 2471 queat
1642 2404 1880 2455 hastam.’
1915 2407 2065 2456 Idem·

1528 2489 1627 2534 312
1664 2486 1785 2542 Quoe
1820 2485 2094 2547 tempestiva
2131 2481 2309 2544 relatu]
2357 2482 2392 2533 J
2400 2480 2550 2530 unia·-

1463 2564 1695 2625 uus,qut.
1746 2562 2207 2623 Mediceiis‚quem.
2258 2560 2398 2608 Puto
2421 2559 2536 2621 quin

1463 2639 1547 2687 vel
1567 2639 1673 2688 cui:
1706 2653 1827 2687 mox
1861 2638 2049 2687 consilii
2071 2652 2172 2686 nou
2198 2636 2389 2685 consilio
2416 2640 2539 2684 tert.

1465 2714 1637 2764 vatic.
1672 2715 1741 2765 D.
1767 2714 1940 2764 Heius.

1529 2795 1625 2840 313
1658 2791 1800 2840 duria
1834 2796 1883 2840 et
1921 2789 2071 2856 etqui]
2124 2791 2295 2839 Locus
2330 2788 2542 2852 elegans

1463 2873 1521 2917 et
1542 2869 1693 2918 valde
1715 2868 1937 2932 subtilis,
1959 2868 2024 2917 de
2057 2883 2142 2929 eo,
2166 2866 2302 2931 quod
2326 2871 2409 2915 est
2430 2879 2538 2914 me·

1463 2943 1608 2995 dium
1647 2945 1785 2996 iuter
1804 2947 1898 2994 Jas
1935 2953 1991 2994 et
2019 2947 2248 3008 AEquum.
2313 2944 2411 2994 Jus
2437 2938 2540 3006 e'st,

1463 3029 1680 3072 auctore
1701 3024 1930 3084 Donato,
1950 3022 2086 3095 quod
2112 3019 2285 3069 omnia
2307 3025 2455 3072 recta
2479 3022 2537 3067 et

1464 3098 1769 3149 inflexibilia
1808 3100 1981 3165 erigit.
2039 3099 2268 3163 AEquitas
2296 3103 2398 3160 est,
2420 3106 2538 3161 quat

1463 3192 1532 3226 ex
1568 3176 1698 3228 Jure
1740 3176 1958 3226 multum
1995 3176 2247 3225 remittit:
2299 3182 2382 3223 est
2415 3186 2540 3223 vero

1463 3254 1550 3303 hic
1568 3252 1879 3317 κυβερνητικὴ
1912 3252 2076 3316 σοφία,
2097 3253 2150 3301 ni
2186 3250 2360 3314 fallor,
2383 3263 2539 3315 quam

1464 3338 1618 3381 vocat
1633 3331 1973 3382 Justinianus.
2021 3332 2209 3379 Closer.

1529 3411 1625 3458 816
1646 3409 1795 3463 Quem
1808 3392 2109 3456 sie-'Romana
2124 3403 2361 3467 decerent]
2382 3403 2541 3460 Quam

1462 3484 1685 3533 Lucens.
1705 3491 1763 3533 ut
1780 3484 1845 3532 ad
1864 3482 2091 3532 frontem
2108 3480 2397 3530 referatur:
2421 3489 2543 3528 mox

1463 3576 1559 3625 pro
1584 3562 1757 3610 clamat
1780 3561 1896 3622 lego
1935 3561 2131 3608 clamet.-
2163 3559 2307 3622 prior
2330 3557 2545 3609 Moreti2

1462 3640 1662 3688 clament
1684 3637 1941 3700 quicunque
1960 3634 2205 3685 videbunt.
2241 3636 2310 3684 D.
2337 3633 2521 3685 Heius.

1532 3715 1684 3772 Quem
1705 3712 1775 3762 sic
1803 3713 1943 3762 Rom.
1979 3714 2088 3778 Esou]
2135 3714 2358 3764 Poterat
2379 3712 2544 3762 taceri

1458 3790 1578 3853 hoc,
1598 3805 1629 3840 o
1650 3788 1964 3839 claudiane:
1999 3789 2121 3838 dum
2143 3789 2280 3838 enim
2302 3788 2546 3839 Stilicho·

1462 3881 1580 3916 nem
1603 3873 1745 3915 tuum
1774 3867 1885 3929 plus
1917 3866 2076 3915 nimio
2112 3866 2339 3926 extollis,
2375 3864 2545 3914 nasci·

1464 3950 1552 3994 tur
1597 3944 1890 4007 serupulus,
1929 3943 2018 4007 qui
2040 3944 2228 3992 multos
2262 3943 2398 3992 male
2443 3941 2534 3990 ha-

1467 4018 1596 4069 buit.
1648 4020 1833 4069 Claver.
2423 4082 2430 4087 .

1530 4100 1627 4145 319
1667 4095 1762 4143 Hic
1780 4103 1870 4158 est,
1892 4094 1969 4144 hic
1999 4095 2225 4144 Stilicho.-
2260 4109 2358 4143 sese
2393 4098 2544 4144 testa·

1463 4171 1571 4233 tur]
1605 4171 1693 4220 Ita
1716 4172 1866 4234 prim.
1889 4170 2063 4220 Vatic.
2086 4180 2141 4221 et
2164 4169 2405 4220 undecim
2428 4169 2536 4220 alii.

1463 4249 1663 4313 Vulgo:
1699 4247 1802 4299 Hic
1823 4247 1995 4313 ,ineest
2018 4246 2240 4312 Stilicho,
2272 4247 2344 4297 sic
2378 4252 2428 4297 te
2443 4251 2544 4297 tes·
