2992 4925
590 400 601 411 '
642 403 651 409 ’
700 398 835 459 '1³12
878 405 1670 465 RAP'PU'PROSERHNAE
1718 412 1866 465 mn.
1893 414 2021 466 .-111.

2308 396 2485 509 ³⁶⁶³

1192 797 1574 877 XXXVI.

452 1091 609 1168 DE
664 1092 1026 1175 RAPTU
1078 1048 1803 1197 'PROSERPINAE
1864 1099 2082 1176 Lm.
2146 1092 2299 1181 111.
2405 1128 2408 1133 ·

262 1413 269 1417 .
335 1373 792 1437 PRAErArronsu,
827 1390 940 1441 quae
983 1375 1038 1425 in
1077 1375 1336 1427 nonnullis

263 1444 417 1501 libris
439 1454 537 1500 hoc
554 1451 668 1501 loco
685 1451 975 1515 legebatur,
988 1459 1136 1503 sexto
1160 1453 1337 1503 Hono-

262 1527 333 1577 rii
357 1526 664 1579 Consulatui
700 1527 1072 1593 praefigendum
1102 1529 1217 1592 jam
1246 1527 1337 1577 alii

264 1612 600 1657 monuerunt.
632 1607 703 1659 D.
726 1604 902 1657 Heius.

262 1708 271 1716 ·
334 1679 679 1744 Descripsere
757 1682 1030 1733 concilium
1103 1682 1334 1731 Deorum

267 1755 477 1821 Poetae,
511 1757 663 1809 Maro
702 1758 1011 1822 simpliciter
1044 1772 1098 1811 x.
1133 1757 1337 1809 AEneid.

269 1831 430 1897 Qvid.
471 1837 518 1883 1.
542 1833 772 1889 ‚Metam.
809 1835 941 1885 Stat.
983 1834 1068 1885 lib.
1102 1849 1156 1887 1.-
1173 1834 1336 1884 Theb.

267 1910 457 1975 quibus
474 1912 735 1976 praeponit
751 1913 1090 1964 Claudianum
1100 1912 1339 1977 Scaliger

260 1986 415 2051 poet.
437 1988 527 2040 lib.
548 2002 603 2039 V.
635 2004 750 2054 cap.
776 1994 853 2039 16.
892 1989 1030 2053 quod
1061 1989 1222 2053 magis
1243 1989 1334 2041 mi-

258 2078 387 2119 xum
423 2070 525 2128 est,
550 2079 672 2116 eum
710 2080 889 2116 versus
921 2066 1334 2129 elegantissimos

269 2142 497 2201 voluisse
562 2150 796 2195 mutare:
872 2143 1114 2193 viderint.
1173 2142 1332 2193 docti.

264 2219 490 2284 Dmpst.

258 2336 267 2345 .
335 2295 623 2359 Quaeritur,
644 2311 711 2346 an
729 2311 832 2348 non
855 2296 925 2346 sit
947 2297 1249 2360 prooemium
1282 2296 1335 2346 in

263 2371 483 2434 tertium
505 2373 729 2424 librum?
760 2373 1002 2437 Imperiti
1017 2373 1222 2438 quidam
1242 2374 1333 2424 ho-

265 2450 434 2501 mines
469 2451 579 2501 ausi
613 2448 826 2500 fuerunt
858 2448 1230 2500 Praefationem
1253 2450 1330 2500 in-

267 2541 445 2576 serere
466 2542 534 2576 ex
562 2528 923 2591 Manuscripto
956 2527 1162 2594 quidem
1187 2544 1203 2589 ;
1237 2528 1329 2579 sed

260 2621 370 2668 non
393 2606 547 2662 bonae
566 2605 715 2666 fidei.
748 2608 934 2656 Claver.

333 2686 360 2733 1
393 2682 614 2746 Jupiter]
646 2682 696 2734 A
717 2697 818 2746 quo
836 2681 1106 2738 consilium
1128 2683 1331 2746 rapien-

266 2758 352 2809 ‹1ae
375 2760 498 2809 filiae
523 2760 827 2811 ducebatur.
860 2760 1041 2811 Barth.

331 2836 532 2900 Jupiter
551 2836 750 2898 interea,
783 2835 887 2899 ism]
923 2834 1023 2886 Iris
1043 2836 1227 2886 nuncia
1245 2836 1279 2888 J
1285 2850 1338 2885 u-

267 2913 418 2963 nonis
441 2911 745 2977 frequenter
767 2912 923 2975 dicta,
940 2924 1018 2961 ιι.
1034 2911 1239 2962 AEneid.
1257 2926 1337 2975 pr.

268 3006 310 3043 1.
333 2992 554 3044 Metam.
581 2991 704 3048 Fab.
736 2994 785 3039 7.
808 2995 985 3040 noster
1022 2988 1336 3052 Gygantom.

263 3076 449 3122 ‚tamen
471 3083 502 3117 a
520 3067 652 3119 Jove
669 3066 808 3117 mitti
826 3072 993 3116 sueta.
1025 3079 1106 3115 rx.
1131 3065 1337 3116 AEneid.

260 3144 392 3209 fine,
417 3145 483 3194 ad
506 3144 761 3196 Junonem
796 3144 1018 3207 legatur,
1048 3149 1107 3191 ut
1127 3142 1192 3191 ad
1217 3142 1338 3191 Pal-

260 3223 444 3278 ladem
463 3222 602 3285 apud
623 3221 802 3273 Silium
825 3221 1070 3271 Punicor.
1094 3234 1175 3269 rx.
1198 3220 1337 3269 idem

258 3296 403 3361 ¹fecit
428 3299 643 3350 Homer.
664 3297 814 3346 Iliad.
830 3311 893 3348 ιι.
909 3299 1021 3346 786.
1040 3295 1192 3357 Iliad.
1212 3310 1335 3350 vm.

264 3380 385 3437 ‚49⁰-
409 3374 562 3428 Iliad.
585 3388 676 3425 κν.
717 3379 827 3425 158.
851 3381 1010 3438 utque
1040 3373 1336 3423 Mercurius

264 3457 330 3506 ad
366 3470 533 3519 pacem
568 3453 906 3503 conciliandam
944 3452 1206 3513 mittitur;
1260 3451 1338 3502 ita

267 3533 382 3589 haec
402 3530 662 3592 adfoedera
700 3529 1008 3580 discutienda.
1077 3529 1338 3589 Thauman-

266 3610 367 3659 tias
389 3615 566 3658 autem
589 3624 620 3657 a
637 3604 857 3668 θαυμάζω
885 3606 1131 3669 admiror,
1155 3604 1222 3655 ob
1246 3605 1336 3655 ad-

262 3686 556 3737 mirandam
588 3685 817 3744 colorum
840 3684 1162 3734 varietatem.
1196 3682 1335 3732 Plin.

260 3764 364 3815 lib.
384 3777 451 3813 11.
474 3778 593 3827 cap.
628 3766 710 3810 59.
732 3760 918 3810 Senec.
940 3759 1035 3809 lib.
1060 3773 1098 3809 1.
1123 3762 1230 3807 nat.
1252 3773 1336 3822 qu.

266 3855 388 3905 cap.
407 3844 458 3891 3.
478 3847 535 3889 et
559 3843 779 3902 utroque
821 3835 1078 3900 posterior
1119 3833 1339 3898 Rhodig.

267 3916 359 3967 lib.
384 3928 531 3965 1111.
552 3927 668 3977 cap.
687 3916 771 3962 24.
793 3912 859 3961 ad
882 3915 965 3960 32.
989 3911 1208 3974 Dempst.

340 3992 559 4042 Cinciam
596 3987 790 4051 nimbis]
842 3986 1102 4038 Indicium
1144 3985 1339 4037 nimbo·

273 4085 404 4134 rum,
425 4075 482 4119 et
505 4068 709 4117 nonnisi
739 4065 983 4118 nimbosis
1006 4066 1228 4118 nubibus
1249 4080 1339 4131 ap-

252 4136 567 4214 parentem.

268 4255 283 4278 ι
337 4221 708 4285 Mammida]
737 4221 867 4285 Irin,
882 4235 996 4287 quae
1017 4221 1205 4274 nuncia
1226 4221 1337 4271 De-

277 4316 421 4353 orum
442 4299 685 4353 omnibus
703 4298 901 4352 Poetis.
932 4298 1114 4350 Barth.

1482 1379 1515 1424 2
1553 1375 1757 1439 Totoque
1802 1375 1955 1440 Deos]
1991 1378 2299 1427 Concilium
2340 1375 2483 1428 Deo-

1418 1466 1553 1512 rum,
1570 1451 1740 1517 qualia
1757 1452 2122 1505 describuntur
2137 1469 2168 1505 a
2185 1455 2402 1518 Marone
2425 1461 2483 1505 et

1418 1527 1669 1589 Homero,
1690 1529 1819 1581 aliis.
1855 1531 2005 1582 Idm.

1481 1609 1512 1653 3
1546 1605 1787 1671 Zephyros
1813 1609 2072 1673 prael'apsa]
2105 1610 2194 1660 Sic
2217 1624 2348 1661 unus
2382 1611 2483 1663 Pe·

1419 1680 1688 1731 tavianus:
1724 1684 1810 1733 alii
1834 1685 2076 1748 Zephyros
2102 1684 2285 1748 illapsa,
2306 1686 2482 1748 elapsa,

1411 1771 1692 1821 proegressa,
1730 1758 1963 1824 Zephyris
1999 1761 2187 1823 illapsa,
2226 1760 2384 1823 illata,
2424 1765 2483 1810 et

1419 1832 1622 1883 similia.
1688 1836 1859 1899 Vulgo
1891 1835 2134 1901 Zephyros
2162 1842 2480 1900 transgressa.

1396 1909 1623 1974 'Opinor
1636 1925 1810 1960 veram
1828 1913 2137 1977 scripturam
2153 1928 2280 1973 esse,
2297 1914 2486 1979 Zephy-

1417 2001 1496 2037 ros
1516 1987 1685 2051 illapsa
1702 2004 1720 2037 .·
1750 1989 1886 2052 apud
1913 1991 2151 2054 Statium,
2188 1991 2354 2041 Theb.
2379 2004 2482 2042 vu.

1414 2065 1628 2129 Jupiter
1667 2066 1735 2116 ad
1774 2069 2093 2121 Mercurium
2137 2070 2251 2133 pari
2287 2070 2480 2123 modo:

1421 2140 1495 2205 ⁴1,
1537 2142 1760 2191 medium
1806 2144 1986 2208 rapido
2028 2146 2231 2197 Borean
2269 2146 2480 2197 illabere

1415 2217 1591 2266 saltu?
1643 2219 2027 2285 Raphelengius
2044 2222 2277 2287 Zephyris
2295 2222 2483 2287 illapsa.

1416 2296 1488 2351 D.
1511 2297 1695 2347 Heius.

1478 2377 1543 2422 10
1566 2375 1815 2438 Proceres]
1840 2376 1927 2424 Dii
1940 2376 2174 2440 majores,
2190 2377 2476 2442 majoribus

1414 2447 1595 2499 officiis
1614 2448 1878 2515 praefecti.
1913 2452 2093 2504 Barth.

1476 2530 1538 2575 11
1573 2527 1759 2578 Lucida
1781 2528 1955 2576 Phorci
1982 2528 2216 2594 Canities]
2248 2531 2375 2596 Ipse
2393 2547 2481 2584 ca·

1411 2616 1526 2653 nus.
1553 2604 1704 2653 Idem.

1478 2682 1668 2731 Coerula
1711 2682 1890 2731 Phorci
1938 2682 2175 2749 Canities]
2230 2683 2479 2747 Isingrini

1408 2755 1692 2805 lectionem
1732 2756 2097 2820 expressimus.
2181 2759 2379 2809 Moreti
2422 2766 2480 2809 et

1418 2832 1696 2882 Petavian.
1734 2847 1865 2883 unus
1891 2833 2079 2891 hrrida,-
2119 2835 2257 2883 alter
2277 2835 2477 2886 lubrica:

1420 2908 1521 2959 duo
1557 2909 1790 2959 candida.-
1844 2908 1955 2976 duo
1985 2909 2075 2958 alii
2105 2914 2481 2976 reverendaque.-

1417 3004 1550 3039 uuus
1601 2990 1799 3053 pallida.
1885 2989 2054 3051 Vulgo
2094 2989 2250 3037 lueida
2266 3005 2289 3047 ‚·
2342 2988 2481 3053 quod

1417 3065 1634 3116 Barthio
1658 3066 1922 3130 probatur,
1944 3080 2047 3116 non
2067 3064 2204 3115 mihi.
2255 3065 2332 3115 .In
2357 3066 2483 3136 Epi-

1416 3143 1565 3195 cedio
1583 3144 1744 3194 Drusi
1764 3160 1777 3193 z
1813 3144 1829 3172 ‘
1848 3141 1934 3196 nli
1954 3144 2246 3194 Gaeruleum
2262 3142 2481 3207 Panope

1416 3225 1703 3274 matertera
1722 3219 1916 3270 crinem
1936 3218 2123 3281 Solvit,
2145 3225 2201 3268 et
2223 3219 2484 3280 immensis

1414 3295 1627 3348 fletibus
1650 3296 1796 3346 auxit
1818 3296 2011 3360 aquas!
2045 3294 2120 3345 D.
2139 3295 2309 3346 Heius.

1483 3377 1546 3424 13
1581 3374 1868 3424 Mansuram
1916 3371 2117 3435 Protea]
2173 3373 2483 3422 Daemonnm

1414 3450 1819 3500 mutabilitatem
1839 3450 1889 3497 in
1908 3449 2031 3497 alias
2049 3456 2207 3513 atque
2228 3448 2354 3498 alias
2374 3448 2484 3500 for-

1416 3542 1526 3580 mas
1556 3527 1934 3578 intellexerunt·
1956 3525 2055 3574 hoc
2076 3523 2326 3588 figmento
2349 3524 2483 3574 Poe-

1415 3605 1712 3655 tae.Bart11.

1483 3686 1547 3732 14
1581 3679 1987 3744 Senibusfluviis]
2020 3678 2155 3729 Nam
2180 3676 2481 3728 minutiores

1418 3766 1474 3809 et
1499 3759 1797 3824 juveniores
1831 3757 1909 3806 illi
1947 3771 2048 3806 non
2083 3743 2364 3820 tan'gebant
2384 3755 2481 3805 hoc

1417 3837 1646 3888 honoris.
1688 3836 1837 3886 Idem.

1485 3919 1547 3964 15
1581 3913 1694 3962 Stat
1728 3917 1901 3964 eoetera
1923 3926 2050 3961 more
2057 3908 2307 3973 juventus]
2341 3909 2484 3973 Lege

1417 3997 1577 4042 stant:
1610 3991 1745 4040 male
1769 3989 1925 4039 etiam
1962 3990 2074 4038 haec
2099 3985 2484 4070 distingueban-

1419 4075 1527 4121 tur.
1561 4068 1630 4117 D.
1654 4067 1828 4117 Heius.

1482 4142 1699 4206 Plebeio]
1730 4143 1961 4192 Minores
1978 4138 2281 4191 Deosdicit.
2302 4138 2481 4188 Barth.

1485 4224 1547 4270 17
1586 4219 1746 4269 Taciti
1798 4216 1979 4280 Fauni]
2056 4216 2246 4265 Mirum
2287 4205 2479 4276 scalig.

1408 4303 1623 4370 ‚tautum
1643 4296 1807 4347 virum
1830 4295 1964 4366 velle
1981 4306 2252 4358 reponere,
2271 4290 2480 4358 stupidi:
