2992 4925
488 379 672 447 2175&
786 405 793 410 ·
1163 391 1553 444 asenneus
1593 389 2033 445 nm'rionuu

573 547 809 621 poetam
838 537 1360 600 candidissimum:
1407 541 1509 599 sed
1545 540 1771 599 mendis
1815 537 2138 599 innumeris
2171 537 2569 619 denigratum,
2615 539 2706 600 his

579 635 785 717 paucis
815 637 1023 696 diebus
1065 656 1131 695 ea
1161 656 1279 714 qua
1309 637 1605 715 potuimus
1634 636 1935 714 'diligentia
1965 638 2022 695 in
2055 636 2346 714 pristinam
2371 637 2708 715 redegimus

579 735 984 814 majestatem:
1031 755 1284 814 eumque
1331 754 1440 793 suo
1468 741 1559 808 (ut
1605 736 1892 812 possibile
1921 736 2058 805 fuit)
2097 735 2342 794 candori
2368 736 2707 795 restitutum

577 832 656 893 ad
705 832 1102 893 studiosorum
1154 832 1531 910 commodum
1575 830 2712 910 imprimendum-curavimuss——Edidi-

576 949 705 990 mus
723 930 1083 1009 praetereain
1104 930 1259 989 hunc
1277 930 1470 1007 ipsum
1487 937 1729 1008 poetam
1764 932 2025 989 locorum
2056 927 2375 988 difficilium
2407 947 2712 988 commen·

579 1026 847 1087 tariolum
874 1048 888 1087 ε
937 1026 1100 1106 quod
1130 1025 1474 1105 propediem
1505 1026 1710 1085 eodem
1731 1029 1870 1085 moti
1891 1027 2006 1086 fine
2027 1027 2259 1085 favente
2289 1029 2418 1086 Deo
2445 1026 2710 1085 maximo

576 1124 1049 1202 publicabimus!
1132 1122 1454 1184 Edidimus
1473 1125 1662 1202 credo
1687 1124 1769 1183 ita
1790 1109 2312 1203 interpretandum,
2354 1123 2711 1183 dictavimus

576 1222 944 1305 auditoribus
985 1220 1233 1281 nostris:
1272 1219 1729 1300 publicabimus,
1782 1223 1938 1300 typis
1968 1222 2299 1282 curabimus
2326 1220 2713 1300 vulgandum.

578 1324 713 1384 Hoc
741 1323 1036 1403 posterius
1060 1330 1255 1381 utrum
1284 1320 1504 1381 factum
1531 1323 1627 1392 sit,
1669 1341 1786 1380 non
1818 1322 2007 1381 habeo
2033 1323 2250 1381 dicere.
2331 1322 2445 1380 Per
2470 1331 2711 1399 tempo-

574 1443 705 1483 rum
733 1423 1018 1482 rationem
1047 1419 1166 1480 fieri
1198 1421 1436 1499 potuit:
1483 1420 1589 1480 diu
1617 1422 1772 1481 enim
1802 1422 2141 1500 supervixit.
2224 1421 2524 1482 Testante*
2556 1421 2714 1480 Ges-

574 1539 739 1592 nero,
804 1538 996 1597 neque
1042 1518 1320 1578 Barthius
1365 1538 1558 1597 neque
1612 1519 1896 1579 Nicolans
1946 1520 2222 1580 Heinsius
2265 1521 2377 1579 hac
2428 1520 2518 1578 usi
2569 1525 2713 1577 sunt

575 1617 855 1689 editione,
873 1616 972 1676 sed
1003 1615 1317 1676 laudarunt
1336 1634 1465 1675 eam
1487 1616 1825 1693 Isingrinius
1867 1618 2208 1678 Basileensis
2231 1615 2512 1693 editionis
2533 1634 2711 1676 eura-

486 1755 499 1765 ·
578 1726 695 1787 tor,
738 1723 799 1796 et
825 1713 1124 1775 Cluverius
1151 1714 1430 1774 Parisinoe
1453 1714 1668 1775 editor.
1755 1717 1883 1794 Ipse
1921 1718 2108 1776 Gesn.
2139 1715 2473 1790 varietatem
2505 1713 2713 1774 lectio-

482 1845 491 1854 ·
578 1813 668 1872 nis
700 1811 1039 1871 Viennensis
1084 1811 1395 1890 diligenter
1429 1807 1710 1884 enbtavit,
1753 1812 1973 1873 fatetur
2010 1823 2203 1873 tamen
2253 1814 2505 1889 ingenue
2531 1812 2712 1889 spici-

578 1911 730 1990 legio
772 1909 971 1969 locum
1013 1928 1141 1969 esse
1186 1909 1478 1971 relictum.
1591 1911 1834 1971 Camers
1884 1931 2024 1971 vero
2071 1913 2144 1971 ad
2193 1911 2512 1971 Victoriam
2570 1911 2711 1970 Stil.

577 2017 786 2069 contra
839 2007 1137 2066 Alaricum
1194 2007 1441 2068 scribit:
1506 2017 1524 2043 ‘
1546 2008 1919 2069 Correximus
1972 2030 2045 2069 ex
2098 2017 2334 2070 vetusto
2384 2008 2711 2087 exemplari

579 2115 707 2167 toto
735 2126 749 2165 ε
796 2105 856 2164 in
883 2104 1003 2165 alio
1046 2105 1445 2166 vetustissimo
1490 2107 1739 2179 Codice,
1786 2128 1961 2187 quem
1991 2107 2152 2187 apud
2181 2106 2402 2167 Aldum
2430 2107 2547 2167 Ro.
2577 2106 2710 2165 reli·

579 2204 813 2282 quimus
852 2203 1142 2264 Tomari!
1259 2203 1435 2264 Unde
1485 2204 1624 2264 huic
1668 2205 1911 2266 editioni
1938 2226 1976 2266 a
2004 2206 2279 2267 Camerte
2313 2203 2530 2264 addita
2572 2212 2709 2264 sunt

579 2300 832 2360 antehac
859 2300 1119 2362 nondum
1150 2300 1468 2379 impressa:

978 2445 1289 2509 Claudiani
1317 2446 1441 2507 laus
1468 2447 1703 2509 Christi.
1737 2448 1958 2509 Proles.

982 2592 997 2607 .
1037 2591 1053 2606 .
1085 2588 1100 2605 .
1137 2589 1151 2604 .
1195 2545 1468 2606 miracula
1493 2547 1735 2607 Christi.
1771 2546 2045 2626 Angelus.

1084 2685 1098 2702 .
1129 2687 1144 2703 .
1189 2643 1398 2703 laudes
1429 2643 1724 2704 Herculis.
1746 2642 2065 2704 Pieridum.

980 2740 1338 2802 Claudianus
1367 2739 1427 2800 in
1456 2743 1708 2803 Sirenas.
1735 2742 1950 2803 Dulce.

503 2906 652 2961 1511
702 2894 1040 2957 Parisinan.
1071 2896 1163 2956 Cl.
1194 2896 1514 2957 Claudiani
1562 2896 1928 2976 Proserpinae
1981 2904 2187 2976 raptus
2236 2916 2371 2958 cum
2397 2898 2538 2958 sani
2573 2898 2706 2958 Par·

576 2994 752 3055 rhasii
768 2994 1205 3059 commentariis
1226 2994 1303 3055 ab
1320 3013 1392 3054 eo
1420 2994 1720 3072 castigatis
1749 3002 1811 3054 et
1831 2994 2021 3056 auctis
2036 2993 2371 3054 accessione
2393 2994 2703 3055 multarum

573 3112 768 3152 rerum
795 3093 1036 3170 cognitu
1065 3091 1551 3170 dignarum.-In
1579 3092 1697 3151 imo
1737 3091 1943 3172 insigni
1972 3091 2330 3173 typographi
2361 3092 2700 3181 inscriptum

578 3199 666 3249 est
693 3189 823 3267 eJus
844 3208 1093 3248 nomen:
1138 3190 1357 3273 Ponset
1379 3190 1460 3249 Le
1487 3191 1699 3250 Preux.
1723 3199 1849 3250 tum
1875 3189 2178 3251 additum:
2226 3197 2245 3222 ‘
2274 3189 2704 3251 venundantur

579 3306 614 3345 a
644 3285 854 3345 Pontio
882 3285 1072 3364 probo
1107 3285 1440 3364 Bibliopola
1485 3287 1544 3344 in
1590 3286 1816 3347 aedibus
1866 3286 2226 3347 Potistannei
2261 3285 2708 3348 commorante?

574 3385 646 3469 ξι]
677 3381 827 3443 fine:
877 3389 896 3417 ⁴
926 3383 1283 3459 Impressum
1314 3383 1549 3443 Parisiis
1595 3404 1701 3462 per
1728 3383 2049 3449 Antonium
2083 3385 2446 3443 Bonnemere
2477 3385 2701 3462 Impen-

577 3481 653 3541 sis
675 3479 868 3541 Pontii
893 3481 946 3541 le
973 3481 1181 3541 Preux.
1249 3483 1421 3541 Anno
1453 3481 1696 3542 Domini
1719 3484 2114 3545 Mcccccx1.’
2179 3480 2293 3540 Die
2321 3499 2462 3540 vero
2491 3493 2696 3541 xv111.

572 3580 945 3641 Decembris.
1029 3579 1136 3639 Est
1160 3578 1219 3637 in
1251 3578 1399 3642 bibl.
1428 3580 1649 3659 Gymn.
1678 3579 1813 3656 Bip.

496 3685 652 3739 1514
691 3676 1082 3755 Erphurdiae:
1127 3675 1339 3739 Claud.
1382 3675 1458 3735 de
1486 3677 1563 3739 R.
1592 3675 1904 3736 Pros.—in
1933 3673 2167 3739 officina
2216 3672 2498 3734 Industrii
2523 3676 2695 3736 Joan·

484 3815 492 3823 -
571 3773 661 3834 nis
718 3774 993 3852 Cnappii,
1036 3782 1094 3832 4.
1138 3793 1314 3853 quam
1359 3791 1535 3852 penes
1595 3773 1777 3852 ampl
1846 3771 2110 3833 Duvium
2159 3772 2534 3832 Hannoverae
2576 3791 2695 3832 esse

569 3870 746 3930 refert
771 3873 1094 3932 Gesnerus.

498 3974 650 4035 1517
697 3966 880 4026 Paris.
912 3984 991 4027 11.
1022 3966 1097 4027 de
1126 3968 1199 4028 R.
1229 3968 1394 4033 Pros.
1423 3987 1478 4026 c.
1530 3903 1867 4029 Comment.
1916 3965 2207 4027 Parrhasii
2248 3985 2356 4045 per
2378 3968 2480 4028 Jo.
2510 3969 2695 4028 Gour-

571 4061 882 4135 montium,
913 4073 972 4122 4.
1002 4083 1076 4125 ex
1105 4065 1239 4125 Cat.
1272 4064 1429 4123 Bibl.
1457 4065 1686 4125 Bunav.

497 4166 651 4220 1518
698 4158 859 4245 Lips.
889 4160 965 4220 de
1017 4160 1089 4221 R.
1123 4161 1218 4222 Pr.
1264 4170 1324 4222 4.
1352 4163 1721 4223 Memoratur
1766 4160 2010 4222 in-Cat.
2060 4161 2218 4223 Bibl.
2250 4160 2397 4223 clar.
2429 4158 2687 4230 Ernestii,

572 4254 767 4319 forsan
796 4256 1002 4321 eadem
1028 4277 1162 4319 eum
1192 4257 1290 4321 illa
1317 4278 1366 4320 s.
1388 4278 1422 4323 a
1450 4261 1566 4321 sub
1594 4258 1771 4321 finem
1800 4259 1988 4321 aetatis
2017 4275 2068 4322 1.
