2992 4925
756 301 974 400 Norat
1021 339 1424 391 vAmolum
1468 339 1552 389 m

452 323 628 398 1⁷08

1597 340 1712 388 ct..
1758 337 2039 389 cumn.
2084 336 2365 388 xbvln.

448 491 683 543 aelianm
717 493 778 539 ut
820 488 959 552 apud
999 485 1185 550 virgil.
1216 485 1232 514 ‘
1253 490 1521 548 totamque
1595 480 1710 531 civo
1730 478 1860 530 flatu
1875 477 2140 532 Mavortia
2158 477 2362 530 nectit.’
2426 479 2660 534 Moxea-

459 565 637 621 infusa
658 582 754 631 per
771 574 916 616 artus
939 565 1091 615 Mens
1116 562 1281 627 agitat
1298 553 1521 610 molem?
1594 572 1700 608 ram
1722 572 1924 623 quoque
1943 562 2153 607 tenacem
2174 565 2230 607 et
2248 558 2489 621 spiramen
2511 563 2662 609 vocat

456 646 532 697 D.
556 644 732 695 Heius.

529 723 597 771 19
624 719 808 781 Aspera
828 722 1054 766 secretum
1088 731 1127 765 s.
1151 714 1399 778 alimenta]
1435 712 1529 763 As-

461 811 593 863 pera
650 797 911 856 alimenta,
969 794 1124 857 rigidi
1180 791 1309 842 ferri
1360 791 1531 855 scobs,

466 875 579 923 sine
613 888 714 938 qua
751 872 923 936 perire
955 871 1100 920 aiunt
1123 870 1349 933 magneti
1373 867 1531 918 vires.

390 973 409 986 ‘
466 949 645 1001 Barth.

528 1023 784 1089 vigorem]
823 1024 1053 1088 Vaporem
1069 1023 1264 1074 Moreti
1280 1021 1427 1073 liber.
1461 1021 1533 1072 D.

472 1104 646 1154 Heius.

535 1185 600 1230 20
635 1180 896 1230 Morientis
927 1182 1113 1242 torpent
1137 1177 1355 1226 Membra
1376 1174 1536 1239 some]

476 1257 715 1308 Thaletis
749 1255 1003 1318 doctrina,
1038 1254 1268 1320 magneti
1293 1270 1407 1306 esse
1432 1254 1539 1303 ani-

473 1349 632 1385 mam.
701 1335 798 1383 Est
823 1347 945 1381 vero
963 1338 1018 1381 et
1041 1330 1243 1395 species
1266 1329 1540 1394 magnetis,

476 1430 595 1480 quae
619 1412 811 1463 ferrum
853 1411 1079 1475 repellit,
1108 1425 1227 1459 cum
1265 1411 1430 1460 altera
1466 1424 1542 1459 re-

480 1490 724 1541 traxerit.
789 1487 1019 1536 Michael
1041 1487 1265 1535 Psellus.
1297 1487 1476 1537 Barth.

543 1568 608 1614 22
641 1560 858 1625 Mavors]
881 1562 1168 1625 Complexu
1183 1561 1366 1611 borum
1389 1564 1546 1612 simu·

477 1640 737 1691 lacrorum
763 1637 1053 1701 conjugium
1088 1637 1277 1686 Martis
1300 1644 1355 1687 et
1377 1638 1548 1688 Vene-

480 1717 551 1767 ris
588 1716 767 1765 lusisse
813 1714 1108 1764 sacerdotes
1137 1713 1191 1762 in
1228 1729 1288 1763 eo
1322 1714 1546 1777 Templo

482 1798 736 1856 autumat,
775 1798 834 1840 ut
873 1789 1084 1839 infinitis
1120 1790 1308 1840 talibus
1327 1791 1549 1854 Veneris

480 1870 685 1922 fabulas
708 1868 1022 1934 spectandas
1045 1868 1365 1920 exhibebant
1386 1883 1550 1932 popu-

484 1949 559 2000 lo·
624 1948 879 2009 Magnete
924 1952 1098 1994 autem
1153 1943 1399 2011 ferroque
1447 1944 1551 1994 alia

482 2023 636 2088 hujus
659 2023 860 2086 generis
879 2022 999 2070 olim
1019 2036 1113 2085 pro
1132 2021 1381 2085 prodigiis
1393 2019 1552 2071 facta.

484 2099 716 2164 {sidorus
757 2097 909 2161 Orig.
940 2097 1028 2147 lib.
1068 2110 1185 2147 xw.
1223 2113 1338 2160 cap.
1362 2102 1446 2148 20.
1485 2111 1555 2147 ex

488 2174 618 2225 aliis.
652 2234 657 2239 .
687 2172 1006 2236 Augustinus
1045 2172 1142 2221 lib.
1180 2186 1303 2223 xxr.
1347 2187 1461 2236 cap.
1503 2177 1553 2222 6.

489 2249 555 2299 de
579 2249 736 2300 civit.
770 2249 898 2297 Dei:
932 2248 947 2274 ‘
973 2247 1126 2297 Unde
1150 2246 1346 2298 factum
1367 2253 1467 2310 est,
1496 2255 1558 2299 nt

490 2326 544 2376 in
567 2325 786 2390 quodam
807 2321 1030 2387 Templo
1053 2324 1312 2387 lapidibus
1350 2339 1557 2389 magne·

490 2402 629 2453 tibus
649 2402 701 2473 in
725 2402 833 2451 solo
854 2409 908 2450 et
928 2401 980 2449 in
998 2416 1202 2450 camera
1221 2404 1558 2468 proportione

491 2478 858 2543 magnitudinis
882 2479 1085 2543 positis,
1103 2480 1430 2530 simulacrum
1453 2480 1559 2531 fer-

492 2571 641 2607 reum
665 2556 797 2606 aeris
837 2556 975 2605 illius
1016 2556 1187 2605 medio
1210 2556 1346 2607 inter
1371 2565 1560 2607 utrum-

493 2648 597 2700 que
637 2633 886 2697 lapidem,
925 2632 1279 2696 ignorantibus
1302 2633 1426 2698 quid
1449 2649 1559 2683 sur-

495 2725 608 2761 sum
632 2716 772 2759 esset
795 2712 849 2759 et
871 2709 1134 2770 deorsum,
1156 2711 1302 2774 quasi
1335 2712 1559 2763 numinis

496 2791 759 2852 potestate
784 2784 1071 2850 penderet!
1106 2786 1256 2836 Idem.

561 2865 626 2913 24
663 2860 939 2911 Communia
977 2859 1165 2925 templi]
1252 2862 1562 2929 conjugium

498 2936 691 2988 Martis
713 2942 770 2987 et
783 2936 1007 2987 Veneris
1023 2943 1129 2986 tam
1146 2938 1484 2990 Planetarum
1508 2942 1566 2991 il-

496 3016 665 3066 lorum
688 3015 939 3064 suavioris
964 3021 1163 3065 naturae
1188 3018 1385 3080 prolem
1406 3016 1568 3068 deno-

498 3097 601 3155 tat,
644 3104 795 3156 quam
839 3091 998 3140 robur
1054 3092 1242 3155 ipsum,
1295 3095 1570 3145 strenuita-

501 3176 626 3230 tem,
638 3166 1011 3231 fortitudinem‚
1030 3171 1305 3237 temperari
1322 3179 1572 3235 oportere

470 3274 477 3281 -
504 3245 632 3308 otio,
651 3245 939 3308 voluptate,
971 3244 1262 3295 clementia.
1330 3246 1572 3298 Indidem

503 3338 617 3390 prae
656 3322 850 3374 Amore
885 3325 1083 3375 stellam
1127 3325 1316 3377 Martis
1353 3328 1573 3380 Veneris

504 3400 647 3453 sidus
670 3402 816 3468 sequi
836 3401 1035 3453 dicunt.

567 3478 747 3530 Aaron·
769 3478 958 3544 templi]
1007 3481 1089 3530 Ex
1130 3478 1292 3532 Fastu
1324 3482 1574 3534 Romanae

471 3560 477 3566 ”
506 3557 908 3622 superstitionis.
943 3558 1122 3608 Barth.

566 3636 636 3685 26
669 3636 954 3700 magnetica
971 3652 1159 3699 gemma
1175 3636 1393 3704 figurat]
1454 3639 1579 3689 Tor·

504 3713 655 3764 natili
680 3714 914 3764 materia.
952 3713 1106 3765 Idem.

572 3791 855 3853 magnetica
896 3806 1085 3853 gemma
1127 3791 1344 3857 figurat]
1429 3793 1579 3845 Unus

506 3866 657 3916 Mod.
681 3875 737 3916 et
759 3866 1034 3916 Hafniens.
1057 3870 1324 3930 magnetioe:
1349 3869 1435 3919 alii
1455 3884 1581 3920 non·

513 3943 644 4011 nulli
664 3943 941 4007 magnetida
989 3945 1150 3994 Forte
1174 3947 1442 4007 magnesia3
1457 3961 1581 4010 quo—

514 4019 669 4069 modo
698 4020 915 4069 Lucret.
956 4019 1046 4069 lib.
1071 4034 1143 4072 vr.
1178 4023 1193 4049 ⁸
1212 4023 1452 4086 Magnesi
1493 4021 1583 4075 fla-

512 4095 651 4146 mina
684 4096 795 4146 saxi
822 4094 858 4156 ;'
894 4095 970 4144 sic
992 4097 1127 4144 euim
1171 4098 1463 4163 legendum,
1498 4100 1586 4149 vel

512 4169 971 4235 magnesiaflamine
990 4187 1130 4235 saxa,
1151 4186 1254 4222 non
1265 4173 1486 4240 flumine,
1502 4176 1587 4226 vel

509 4248 714 4303 semina.
752 4248 808 4302 -N
815 4255 962 4299 oster
985 4260 1171 4313 supra:
1207 4249 1468 4303 ‘Pectora
1486 4253 1588 4303 las-

1599 641 1790 684 noster.
1857 634 2041 684 Cicero
2074 633 2311 683 Arateis:
2345 636 2360 661 ⁶
2380 631 2519 683 Nam
2542 648 2667 699 qno·

1602 727 1714 761 rum
1737 712 1927 775 stirpes
1942 712 2097 762 tellus
2115 711 2355 775 amplexa
2365 705 2669 775 prehendit,

1602 788 1739 838 Haec
1762 803 1955 853 augens
1974 788 2145 836 anima
2159 787 2299 836 vitali
2312 786 2523 838 flanrine
2539 788 2671 848 mal-

1605 864 1723 914 cet!
1788 863 2044 915 Ausonius
2067 865 2119 914 in
2155 864 2376 914 Mosella
2402 864 2471 912 de
2509 863 2673 913 Dino-

1606 942 1762 992 chare
1788 941 2110 991 architecto:
2152 942 2168 969 ‘
2189 941 2375 993 Jussus
2394 937 2464 989 ob
2486 939 2677 990 incesti

1608 1018 1695 1084 qui
1718 1018 1974 1083 quondam
2002 1015 2170 1067 foedus
2204 1017 2391 1067 amoris
2410 1015 2676 1066 Arsinoen

1609 1096 1785 1146 Pharii
1803 1095 2073 1160 suspendit
2088 1096 2140 1145 in
2170 1094 2292 1144 aere
2312 1094 2500 1159 templi
2522 1111 2536 1146 z
2561 1094 2676 1160 Spi-

1613 1180 1694 1224 rat
1714 1174 1850 1224 enim
1875 1174 2004 1224 tecti
2024 1172 2284 1223 testudine
2307 1172 2497 1223 chorus
2512 1170 2679 1226 Acha-

1613 1258 1712 1311 tes,
1745 1249 2111 1317 Adflatamque
2136 1251 2291 1300 trahit
2312 1248 2513 1302 ferrato
2536 1250 2683 1300 crine

1614 1328 1838 1393 puellam
1856 1326 1889 1374 :'
1936 1328 2027 1377 ubi
2051 1327 2289 1378 Achaten
2312 1344 2410 1394 pro
2436 1333 2681 1393 magnete

1615 1409 1823 1458 videtur
1842 1408 2070 1471 posuisse
2087 1423 2103 1468 ;
2137 1406 2228 1457 sed
2251 1406 2536 1471 legendum
2554 1407 2686 1455 ans

1615 1486 1824 1536 Achates
1841 1501 1857 1533 .·
1887 1492 1947 1535 ut
1969 1485 2106 1549 apud
2130 1484 2390 1534 Statium:
2424 1486 2440 1513 ‘
2461 1481 2686 1547 ,Iaspide

1616 1566 1785 1614 clarus
1804 1562 1947 1613 an!
2006 1564 2191 1613 caum
2212 1563 2311 1612 iste
2335 1563 2544 1612 Achates
2563 1560 2687 1627 quid

1617 1642 1713 1692 sibi
1733 1641 1881 1702 velit,
1891 1655 2045 1690 nemo
2067 1655 2159 1689 nos
2178 1640 2372 1690 docuit.
2437 1637 2687 1689 Bartbius

1620 1718 1908 1782 reponebat
1928 1723 2090 1768 torvus
2106 1717 2329 1768 Achates.
2363 1716 2556 1765 Verius
2573 1725 2688 1778 nos,

1622 1803 1684 1846 ut
1704 1796 1920 1859 opinor:
1958 1810 2023 1845 ex
2048 1794 2203 1844 India
2222 1794 2417 1859 qnippe
2460 1791 2688 1842 omnium

1624 1873 2078 1937 praestantissimas
2101 1869 2351 1937 ejusmodi
2376 1870 2583 1935 generis
2601 1868 2693 1918 ad-

1624 1947 1751 1998 ferri
1803 1963 2029 2012 gemmas
2071 1950 2124 1998 in
2176 1945 2411 1998 confesso
2456 1952 2558 1997 est.
2614 1945 2687 1996 Β.

1627 2025 1801 2075 Heius.
2627 2059 2638 2064 -

1692 2106 1760 2152 28
1790 2102 1940 2154 Ducit
1961 2103 2163 2167 mma
2195 2099 2379 2163 choros]
2414 2099 2523 2148 Fax
2561 2111 2692 2162 nup·

1629 2178 1782 2228 tialis.
1822 2179 1944 2229 Non
1968 2179 2104 2227 enim
2124 2175 2583 2226 committebantur
2606 2188 2695 2223 an·

1629 2255 1848 2321 tiquitus
1876 2254 2079 2318 nuptia:
2104 2254 2238 2304 citra
2259 2253 2514 2316 praelatas
2533 2250 2697 2316 faces,

1631 2339 1721 2382 aut
1743 2332 1972 2396 alioquin
1993 2330 2129 2394 ignis
2152 2329 2513 2380 ministerium.
2645 2373 2656 2382 .

1697 2408 1864 2473 Myrto
1885 2406 2077 2456 Limina
2097 2403 2377 2469 cinguntur]
2400 2405 2477 2456 Ut
2490 2404 2694 2456 solitam

1630 2485 1951 2549 nuptialibus
1976 2481 2140 2533 festis.
2176 2482 2353 2537 Barth.

1695 2566 1759 2611 30
1794 2560 2016 2612 Floribus
2043 2565 2092 2609 et
2113 2558 2368 2623 thalamos]
2424 2560 2699 2610 Thalam

1630 2639 1873 2688 meliores
1920 2645 2114 2703 praeter
2167 2636 2319 2700 prim.
2374 2638 2699 2688 Vaticanum.

1632 2717 1700 2768 D.
1736 2714 1907 2766 Heius.

1697 2791 1910 2855 Dotalt's]
1987 2789 2220 2855 Dotalia,
2272 2789 2469 2841 Latinis
2527 2790 2701 2853 etiam,

1637 2885 1754 2936 quae
1777 2869 1993 2919 maritus
2017 2874 2108 2919 aut
2138 2883 2358 2932 sponsus
2378 2883 2588 2933 sponsae
2611 2882 2699 2918 ux·

1640 2946 1782 2996 orive
1808 2943 2038 2995 confert.

1708 3022 1932 3087 Purpura
1952 3019 2101 3085 velat]
2134 3020 2447 3072 Exstructus
2481 3032 2706 3086 purpura

1645 3101 1911 3150 thalamus.
1947 3098 2125 3150 Barth.
2591 3098 2596 3103 ’

1711 3180 1775 3226 32
1809 3175 1989 3243 Sponte
2023 3174 2178 3238 rapit]
2250 3174 2490 3229 Attrabit
2525 3173 2709 3227 violen-

1648 3261 1748 3305 ter.
1815 3252 2134 3318 Augustinus
2169 3253 2236 3302 de
2276 3252 2435 3304 civit.
2468 3252 2563 3303 lib.
2597 3264 2707 3303 111.

1649 3345 1768 3394 cap.
1785 3333 1836 3380 4.
2247 3362 2255 3375 .

1717 3405 1927 3469 Coelt'que
1971 3403 2160 3468 thoros]
2238 3404 2342 3454 Ubi
2398 3419 2432 3454 a
2478 3404 2705 3455 Vulcano

1648 3482 1811 3534 Marti
1830 3474 2034 3534 annexa
2052 3490 2266 3548 reperta
2284 3488 2342 3533 et
2361 3479 2535 3533 affixa.
2588 3482 2707 3533 Ru·-

1649 3561 1796 3610 thius.

1717 3642 1778 3688 85
1822 3638 1982 3703 Vivis]
2014 3636 2176 3689 Vivo·
2204 3637 2428 3688 maxime
2447 3636 2711 3694 referenti·

1654 3714 1768 3765 bus.
1801 3714 1953 3765 Idem.
2339 3760 2345 3765 .
2457 3774 2462 3779 ⁴

1719 3796 1784 3841 36
1817 3790 2107 3855 Spin-omme
2127 3790 2260 3856 actu]
2317 3790 2425 3841 Icta
2445 3791 2569 3841 olim
2581 3791 2713 3855 lege·

1656 3866 1806 3928 bam;
1855 3881 1992 3916 nunc
2033 3872 2187 3917 casta.-
2236 3867 2494 3933 quomodo
2529 3866 2716 3933 Lacae-

1658 3944 1761 3994 tius
1785 3958 1948 4009 saepe,
1981 3942 2071 3993 ubi
2109 3941 2175 3992 de
2208 3949 2449 4006 magnete
2470 3943 2614 4011 agit..
2658 3940 2717 3992 Τδ

1659 4021 1758 4069 ictu
1780 4035 1810 4068 a
1835 4018 2134 4068 Buslidiano
2158 4018 2336 4068 codice
2370 4017 2717 4071 confirmatur.

1660 4097 1729 4147 D.
1761 4096 1929 4146 Heius.

1726 4179 1789 4224 37
1826 4174 2029 4227 Geram
2049 4172 2346 4237 deme]
2387 4164 2562 4225 'Amat
2587 4171 2718 4227 enim

1661 4250 1883 4318 Magnes
1906 4249 2117 4306 ferrum.
2149 4248 2326 4301 Barth.
