2992 4925
881 410 884 411 ι
935 356 1190 410 Dfl‘vl.
1236 358 1456 409 cons.
1494 360 1776 413 Houon.

249 497 604 564 nymphasque
620 499 861 550 sorores?
894 500 1075 550 Malim
1096 502 1137 565 ι’,
1152 503 1311 565 redde,

210 586 218 601 ’
247 574 524 639 quamjam
540 577 713 632 redde,·
760 574 854 625 sed
889 577 1096 627 codices
1119 579 1310 645 yetusti

251 649 489 699 abnuunt
503 664 522 700 ι
557 651 750 714 egimus
770 651 838 702 de
858 667 923 703 eo
938 654 1184 718 loquendi
1201 668 1310 702 mo-

248 725 320 775 do
339 726 405 776 ad
431 727 658 790 Raptum
678 728 1023 793 Proserpinae,
1044 736 1101 780 et
1119 730 1184 779 ad
1203 731 1249 780 N
1257 742 1326 778 a-·

249 813 447 851 sonem.
481 802 548 852 D.
573 804 744 853 Heius.

270 906 276 913 ·
316 876 512 940 Charis]
565 878 627 927 In
659 880 842 944 quibus
879 881 1193 945 perennibus
1234 882 1309 931 vi-

249 966 378 1002 vere
397 954 657 1018 Nymphae
693 955 978 1019 finguntur,
1011 964 1070 1006 ut
1106 958 1310 1007 mortali

249 1027 455 1077 scilicet
476 1030 771 1079 conditione
796 1031 1033 1095 majores.

314 1103 503 1167 Redde]
533 1104 797 1156 Restitue.
833 1106 1113 1157 Horatius:
1137 1108 1153 1136 ‘
1174 1109 1311 1158 Red-

248 1179 419 1230 ditum
444 1181 568 1244 Cyri
591 1183 716 1231 solio
739 1183 1040 1233 Phraaten!
1077 1185 1256 1235 Barth.

265 1286 272 1293 ·
315 1260 414 1305 160
435 1252 668 1323 Extulit]
710 1257 971 1323 Effigiatio
993 1261 1047 1309 in
1066 1260 1309 1312 Tiberino

248 1333 371 1385 alibi
397 1337 686 1398 proposita.
720 1336 872 1387 Idem.

263 1438 274 1443 -
315 1416 411 1462 161
446 1413 632 1476 Aurea]
665 1413 947 1464 Electrifer
976 1411 1179 1478 fluvia,
1197 1412 1311 1480 dig

247 1504 347 1541 nus
371 1491 541 1539 aureis
562 1491 824 1541 cornibus,
857 1493 1011 1544 Idem.

312 1570 412 1616 164
445 1567 663 1631 Electra]
717 1566 920 1617 Padum
961 1569 1308 1634 nobilitantia,

244 1642 302 1692 in
325 1644 465 1692 omni
490 1638 760 1693 arborum
754 1658 961 1708 genere.
998 1645 1145 1695 Idem.

312 1712 409 1768 165
465 1719 607 1768 Palla
645 1720 797 1784 tegit]
862 1721 1066 1770 Pallam
1099 1721 1311 1771 virilem

244 1795 410 1845 etiam
434 1809 546 1844 esse
564 1800 766 1847 vestem
794 1803 1029 1846 notamus
1064 1812 1166 1848 non
1188 1813 1311 1862 pau·

242 1870 324 1919 cis
358 1870 426 1919 ad
444 1870 738 1935 Papinium.
801 1870 1064 1923 Muliebre
1086 1873 1314 1939 alioquin

244 1946 498 2010 ingerunt
516 1949 679 1997 multa
697 1950 816 1998 loca
837 1950 1031 1999 Plauti.

311 2023 462 2072 Latos
484 2023 709 2087 humeris]
743 2025 975 2089 Her-oiim,
995 2024 1313 2090 fortiumque

242 2098 476 2149 virorum
498 2096 695 2150 habitu.

317 2176 565 2240 Can-mque
612 2176 830 2239 paterno]

244 2251 517 2317 Epitaphii
537 2253 592 2303 in
619 2253 844 2303 ovidio:
879 2254 895 2282 ‘
924 2253 1027 2303 Hic
1063 2254 1190 2305 situs
1230 2262 1312 2305 est

243 2327 507 2392 Ρῑιιιὲιοιι,
521 2328 701 2399 currus
715 2329 893 2394 auriga
909 2329 1131 2393 paterni,
1144 2331 1312 2383 Quem

243 2402 288 2453 si
319 2417 428 2453 non
447 2394 644 2468 tenuit,
683 2406 881 2469 magnis
920 2411 1094 2455 tamen
1115 2406 1314 2502 excidit

247 2479 401 2532 ausis.
404 2476 634 2532 ’Bur-th.

895 2175 1101 2227 Alludit
1150 2177 1313 2229 verba

312 2545 412 2608 166
446 2557 688 2638 Incendit]
730 2557 975 2608 Flammis
1007 2558 1132 2623 ipsis
1168 2560 1312 2611 velut

244 2627 655 2699 repraesentatis'.
692 2635 843 2684 Idem.

312 2714 409 2760 167
445 2709 698 2775 Fuuaque
710 2712 795 2761 sub
822 2710 1026 2775 gremio]
1089 2710 1154 2761 In
1195 2726 1312 2761 enm

249 2786 388 2837 enim
428 2787 676 2839 inclinans
713 2790 847 2839 laevo
900 2789 1094 2854 gremio
1135 2788 1313 2856 pinge-

246 2863 402 2914 batur
418 2862 623 2916 fluvius.

310 2940 548 3004 Fultuque
565 2937 650 2989 s'ub
666 2940 871 3004 gremio]
910 2940 1149 3004 Fulvuque
1180 2937 1313 2990 Isin·

249 3016 383 3078 grini
437 3014 623 3065 codex.
705 3016 986 3080 Sculptaque
1030 3018 1163 3065 alter
1200 3017 1332 3066 Lei:

248 3089 435 3139 densis,
485 3089 587 3140 Sed
611 3090 684 3139 nil
706 3091 1031 3140 mutandum.
1075 3089 1313 3140 Adeatur

248 3163 490 3216 Diatribe
522 3166 758 3218 Statiana
788 3164 1075 3215 doctissimi
1108 3165 1314 3215 Grono-

249 3240 340 3303 vii,
363 3243 497 3304 cap.
540 3241 621 3290 54.
665 3239 802 3291 bello
852 3240 1048 3290 Getico
1103 3247 1311 3289 noster.

248 3314 266 3342 ⁶
291 3315 543 3381 Fultaque
565 3316 855 3380 despiciens
890 3330 1015 3365 auro
1049 3317 1314 3382 laquearia

159 3397 177 3418 ⁸
248 3389 428 3441 dives!
466 3392 885 3455 Statiu's,libror.
905 3393 1069 3443 Theb.
1089 3394 1313 3443 ‘Crasso

244 3466 518 3531 laquearia
538 3467 673 3517 fulta
693 3470 925 3520 metallo.
926 3469 941 3492 ’
972 3471 988 3498 ‘
1011 3462 1167 3520 Stant
1194 3467 1332 3520 fulti·

251 3544 468 3605 pulvere
491 3543 695 3607 crines:
724 3544 865 3610 apud
901 3546 1123 3596 eundem
1150 3546 1316 3636 Tlieb.

250 3630 339 3668 m.
382 3621 455 3669 D.
481 3620 658 3670 Heius.
1203 3647 1206 3652 ·

322 3696 517 3745 Gaeloetis
546 3697 713 3746 nobilis
733 3698 899 3761 astris]
932 3697 1196 3763 Sphaeram
1213 3713 1315 3749 coe-

249 3768 459 3822 lentium
504 3787 776 3835 corporum
826 3788 973 3823 urnae
1025 3774 1317 3825 incaelatam

251 3846 398 3898 dicit.
446 3850 626 3898 Barth.
729 3861 738 3868 ·

320 3929 417 3975 168
465 3926 642 3975 Luctus
669 3926 991 3991 Argumenta]
1036 3928 1208 3977 Solem
1242 3928 1318 3977 ait

253 4014 456 4049 omnem
479 4001 820 4051 Phaethontis
840 4000 1063 4052 fabulam
1089 4003 1318 4067 exscrip-

255 4075 382 4125 sisse
401 4077 549 4126 caelo.
585 4077 738 4126 Idem.

2160 386 2171 392 -
2273 344 2469 415 1535.

1382 503 1400 533 ‘
1423 500 1639 568 Excipit
1669 504 1946 569 Eridanus,
1972 502 2326 571 fumantiaque
2355 504 2491 557 aba·

1382 585 1482 634 luit
1505 585 1628 636 ora!
1676 586 1830 635 Idem.

1450 664 1546 709 173
1587 660 1805 725 Hyades]
1858 660 1944 710 De
1980 657 2165 726 quibus
2210 659 2319 711 alii.
2342 661 2448 725 alia

1384 735 1556 785 omnia
1576 733 1885 786 fabulantur.
1980 740 1983 743 '

1448 811 1656 875 Sodalis]
1709 812 1928 862 Vicinus

1384 888 1561 938 Barth.

1449 968 1545 1014 174
1576 964 1779 1017 Lartem
1796 963 2018 1027 circulus]
2048 964 2139 1015 De
2167 979 2232 1014 eo
2254 971 2449 1030 quanta

1383 1039 1517 1091 mira
1550 1042 1827 1091 commenti
1855 1042 1959 1091 sint
1999 1049 2203 1091 veteres
2237 1043 2469 1105 Mytho··

1386 1116 1510 1178 logi,
1548 1116 1723 1166 videas
1772 1119 1853 1167 vel
1894 1118 2032 1180 apud
2069 1119 2234 1166 solum
2276 1117 2449 1175 Mani-

1384 1193 1510 1243 lium
1531 1194 1625 1243 sub
1647 1193 1801 1244 finem
1824 1194 1941 1243 libri
1966 1194 2133 1257 primi.
2167 1194 2316 1243 Idem.

1451 1274 1544 1320 175
1597 1269 1817 1330 Stellifer
1858 1268 2120 1331 Eridanus]
2175 1266 2473 1334 Eridanus,'

1996 813 2131 877 loco,
2179 808 2463 879 cultuque}

1343 1400 1347 1404 ,
1384 1342 1656 1396 fluviorum
1680 1361 1773 1395 rex
1796 1346 2018 1395 Maroni.
2065 1345 2215 1394 Idm.

1450 1419 1670 1471 Sinuatis
1692 1421 1925 1486 fluctibus
1976 1421 2161 1484 emus]
2227 1420 2449 1470 Lucens.

1385 1498 1634 1560 prin1.‘et
1685 1504 1809 1548 tert.
1853 1497 2110 1559 Vaticani,
2151 1510 2280 1545 unus
2322 1494 2449 1546 Amss

1385 1570 1526 1621 bross.
1565 1579 1620 1620 et
1656 1572 1854 1623 Medic.
1895 1571 2124 1635 flexibus.
2161 1577 2337 1621 noster
2371 1572 2467 1620 in·-

1385 1644 1500 1696 fra:
1547 1648 1563 1676 ‘
1590 1648 1826 1698 Flumina
1860 1662 1962 1697 non
2008 1647 2196 1697 crebro
2235 1647 2449 1696 vincant

1386 1723 1675 1773 Maeandria
1694 1721 1871 1775 flexu!
1904 1723 2077 1783 Silius,
2095 1724 2127 1772 l.
2151 1735 2248 1783 xv.
2260 1722 2287 1755 1‘
2312 1721 2471 1770 Nam·

1389 1813 1491 1862 qua
1513 1805 1759 1849 curvatus
1790 1799 2004 1851 sinuatis
2032 1796 2252 1849 flexibus
2284 1798 2451 1848 amnis

1390 1873 1646 1940 Obliquat
1666 1874 1842 1939 ripas.’
1887 1875 1958 1925 D.
1983 1874 2158 1924 Heius.

1453 1954 1550 1999 176
1584 1951 1707 2001 Noti
1736 1965 1942 2000 convexa
1976 1951 2134 2014 rigat]
2172 1949 2413 2013 Hyginus
2432 1951 2469 1999 2³

1385 2025 1402 2053 ‘
1425 2025 1680 2078 Eridanus
1721 2041 1753 2075 a
1795 2026 2002 2075 sinistro
2050 2026 2187 2089 pede
2235 2024 2451 2074 Orionis

1388 2101 1679 2165 profectus,
1717 2109 1774 2153 et
1819 2102 2124 2166 perveniens
2172 2115 2336 2166 usque
2381 2100 2482 2150 ad*

1387 2177 1674 2241 pistricem,
1708 2191 1905 2227 rursum
1937 2176 2244 2227 diffunditur
2267 2176 2331 2226 ad
2355 2177 2454 2226 Le-

1387 2253 1530 2318 poris
1554 2254 1733 2318 pedes,
1754 2260 1811 2304 et
1832 2254 2063 2317 protinus
2092 2252 2160 2303 ad
2179 2251 2451 2303 Arcticnm

1385 2329 1633 2380 circulum
1659 2329 1858 2391 tenditss
1879 2333 1980 2380 &c-

1455 2406 1714 2470 Gladioque
1740 2405 2053 2469 tremendum]
2094 2403 2276 2457 Sidera
2314 2405 2450 2455 enim

1385 2486 1556 2531 terret
1570 2482 1684 2546 ejus
1707 2490 2019 2546 conspectus
2034 2482 2244 2532 armati.⁴
2270 2482 2475 2532 Barths

1454 2558 1717 2621 Gladioque
1774 2558 2084 2628 tremendum]
2196 2557 2455 2621 Gladiique

1387 2631 1563 2682 Oxou.
1613 2639 1862 2683 venuste:
1920 2634 1997 2683 sic
2038 2634 2054 2662 ‘
2078 2634 2200 2683 vitae
2241 2633 2452 2682 laudan·

1387 2707 1481 2756 dus
1531 2708 1725 2772 opacae’
1776 2709 1902 2759 Silio
1938 2708 2031 2758 lib.
2067 2723 2109 2758 1.
2160 2708 2454 2758 Videantur

1390 2797 1508 2847 quae
1540 2792 1666 2833 noto
1701 2783 1768 2833 ad
1799 2782 2250 2847 Metamorphoses
2287 2777 2487 2832 Nasoss

1388 2858 1467 2907 nis
1486 2858 1577 2908 lib.
1600 2872 1665 2907 11.
1687 2863 1804 2908 765.
1853 2860 1923 2908 D.
1946 2859 2117 2910 Heius.

1456 2939 1551 2985 177
1606 2935 1816 2997 Gurgite
1867 2934 2070 2998 sidereo]
2148 2933 2455 2995 curvaturis

1389 3010 1528 3060 enim
1570 3009 1740 3060 tribus
1787 3010 1999 3060 Eridani
2046 3011 2212 3061 stellae
2253 3010 2455 3076 fingun-

1391 3093 1492 3137 tur.
1527 3087 1709 3136 Barth.
2472 3114 2475 3117 >

1454 3167 1553 3213 178
1602 3162 1858 3227 Prospexit
1902 3163 2086 3226 euntes]
2182 3162 2459 3225 Prospectat

1390 3238 1574 3303 scripti
1609 3233 1723 3287 fere
1762 3252 1956 3289 omnes.
1998 3236 2161 3287 Praef.
2196 3237 2286 3287 lib.
2312 3250 2378 3287 11.
2400 3236 2457 3286 in

1391 3316 1612 3378 Eutrop.
1648 3315 1664 3342 ‘
1689 3313 2044 3378 Prospectant
2077 3313 2292 3377 Paphiae
2315 3313 2458 3363 celsa

1391 3393 1457 3441 de
1479 3406 1610 3455 rupe
1633 3391 1854 3458 puellae!
1892 3391 1966 3439 D.
1993 3389 2163 3439 Heius.

1457 3473 1554 3519 179
1590 3470 1722 3519 ‘lianc
1752 3466 1897 3529 talia]
1930 3466 2069 3515 Illud
2111 3470 2223 3514 tune
2254 3409 2456 3515 absolu·

1391 3550 1499 3593 tam
1542 3542 2032 3602 considerationem,
2082 3546 2140 3589 et
2180 3547 2302 3603 post
2339 3547 2458 3588 eam

1329 3653 1336 3658 ‚
1390 3631 1677 3667 sermonem
1722 3618 1930 3666 occulta
1970 3615 2188 3680 quadam
2228 3613 2460 3677 Euergia

1392 3695 1625 3745 denotat.
1693 3693 1934 3742 Maronis·
1948 3693 2206 3755 exemplo,
2234 3691 2322 3755 qui
2357 3704 2461 3740 ser-

1393 3772 1532 3821 moni
1552 3771 1617 3821 de
1659 3769 1814 3819 rebus
1855 3767 2099 3832 gravibus
2131 3764 2458 3830 praemitte're

1392 3848 1627 3897 voculam
1647 3846 1799 3895 istam
1823 3845 1970 3893 solet.
1990 3869 1997 3874 ·
2019 3843 2199 3892 Barth.

1459 3927 1558 3971 180
1589 3921 1800 3985 Siccine]
1834 3918 2027 3969 Amara
2054 3932 2172 3968 cum
2197 3928 2471 3967 sarcasmo·

1394 3999 1738 4063 percontatio.
1784 3997 1940 4047 Idem,

1459 4080 1552 4124 181
1589 4075 1753 4137 Italae]
1800 4076 1970 4125 Quam
2006 4068 2324 4133 provinciam
2362 4079 2474 4132 spe·

325 4157 421 4202 170
453 4153 622 4203 Senem
639 4155 834 4218 plumis]
869 4156 1121 4219 Cygnum.
1168 4156 1319 4205 Idem.
1384 4153 1495 4216 jam
1516 4151 1881 4214 deglutiverat.
1919 4149 2069 4197 Idm.

325 4232 420 4278 171
457 4229 663 4281 Vulnera
684 4231 826 4296 lavit]
858 4231 1102 4296 Ovidius,
1133 4230 1227 4283 lib.
1251 4239 1324 4279 ιι.

392 4306 562 4376 Delph.
581 4315 632 4362 et
653 4310 771 4363 ναν.
796 4311 926 4365 Clas.

1274 4307 1447 4360 Claud.

1461 4231 1556 4280 182
1607 4225 1920 4291 Cornipedem
1965 4203 2187 4274 fier-im
2209 4218 2475 4358 sagmate
