2992 4925
799 384 879 434 IN
929 383 978 434 Ι.
1023 383 1609 436 cona-smmum
1654 388 1801 438 Lm.
1842 388 1933 438 Π.

248 524 496 582 allecum
526 531 724 580 honore
745 529 1012 581 venereris
1040 546 1193 595 quam
1229 529 1317 595 qui

249 606 478 660 debetur
488 614 544 659 et
563 608 628 658 ab
648 608 883 659 omnibus
905 607 1146 658 defertur
1162 606 1336 663 senili,

252 684 420 734 aetati.
453 684 635 735 Barth.

314 763 419 813 Ceu
438 766 670 826 metum,
689 764 797 829 ξω]
831 763 1057 817 Quidam
1076 762 1317 813 Theodo-

247 839 402 901 sium,
427 840 514 911 alii
536 841 599 892 B.
634 840 962 890 Ambrosium
998 840 1317 906 intelligunt,

247 915 338 982 qui
360 932 548 982 magno
571 916 766 969 affectu
786 925 1092 982 prosecutus
1115 924 1199 968 est
1214 917 1319 968 sti-

229 993 533 1045 lichonem:
571 1010 696 1046 saue
719 996 762 1045 si
793 995 988 1045 diutius
1023 1002 1144 1059 post
1182 1010 1316 1045 mor-

244 1077 352 1122 tem
370 1073 648 1143 Theodosii
670 1074 906 1134 vixisset,
924 1080 1129 1123 mutuas
1156 1072 1316 1123 tradi*

245 1149 411 1200 disset
449 1163 636 1215 operas
674 1165 793 1201 cum
832 1140 1117 1200 Stilichone
1152 1149 1204 1198 in
1236 1148 1315 1200 fo-

243 1227 415 1278 vendo
440 1241 505 1278 ac
539 1229 769 1292 regendo
791 1228 1058 1289 Honori03
1096 1228 1188 1278 sed
1211 1243 1316 1277 ma·

243 1306 416 1356 tutius
462 1305 718 1356 decessit:
770 1306 909 1356 unde
951 1306 1058 1355 imo
1091 1296 1313 1357 Stilicho

239 1382 436 1435 dixisse
454 1381 628 1433 fertur
643 1381 745 1450 (ait
762 1381 1041 1448 Paulinus)
1067 1390 1214 1433 tanto
1240 1383 1314 1432 vi-

240 1472 300 1509 ro
340 1460 626 1510 recedente
670 1460 746 1531 de·
770 1474 1009 1524 corpore,
1041 1459 1312 1509 interitum

239 1537 514 1587 imminere
551 1537 755 1588 Italiae:
812 1536 944 1587 obiit
1002 1551 1128 1586 vero
1189 1544 1313 1587 ante

237 1614 437 1665 bellum
481 1613 696 1666 Gildon.
749 1612 888 1681 qnod
938 1612 1043 1666 fuit
1089 1615 1312 1666 triennio

238 1700 359 1755 post
382 1699 602 1742 mortem
625 1692 922 1761 Theodosii.
963 1694 1150 1743 Claver.

300 1773 368 1819 74
404 1769 682 1835 Hincfuit]
713 1771 798 1820 Sic
818 1771 926 1829 suit
961 1770 1110 1835 prim.
1136 1770 1310 1821 Vatic.

237 1852 295 1896 et
320 1862 415 1913 sex
441 1847 547 1919 alii.
587 1848 657 1897 D.
673 1848 857 1914 ‚Heium

302 1923 498 1975 Primos
520 1927 570 1976 in
582 1926 778 1989 conjuge
797 1926 996 1976 disceret
1013 1925 1170 1990 ignes]
1191 1927 1313 1976 Non

235 2002 522 2053 exhaustus
567 2003 973 2052 adolescentiam
1021 2004 1311 2068 vulgivagis

232 2078 557 2142 libidinibus,
589 2079 682 2130 sed
724 2081 980 2144 integram
1016 2078 1207 2129 famem
1245 2080 1311 2130 ad

235 2156 663 2210 ovum‘affereus.
694 2158 876 2208 Barth.

299 2239 367 2284 '75
426 2236 622 2300 Virum]
678 2236 897 2287 Virilem
954 2238 1311 2302 concubitum,

235 2312 463 2377 primam
503 2314 782 2364 Venerem.
839 2316 1126 2366 Martialis:
1183 2317 1198 2345 ‘
1241 2318 1313 2371 Et

233 2405 358 2456 quae
398 2395 455 2440 te
489 2386 651 2443 faciet
691 2392 859 2456 prima
893 2394 1067 2456 puella
1105 2393 1310 2444 virum!

234 2468 423 2520 Prima
445 2474 499 2519 te
522 2467 743 2520 fruetur.
779 2470 929 2520 Idem.

298 2551 372 2597 76
410 2548 544 2611 Lege
563 2547 682 2611 tort]
718 2548 861 2600 Nihil
884 2550 1048 2600 inore
1072 2543 1312 2616 frequen-

232 2625 344 2675 tius
368 2624 574 2676 Graecis
595 2625 792 2690 Poetis,
830 2641 981 2691 quam
1004 2628 1113 2677 Lex
1137 2630 1309 2678 Vene-

233 2701 331 2765 ris»,
356 2701 586 2765 Amoris,
621 2706 717 2753 δίο.
765 2704 870 2754 Lex
894 2712 1068 2755 autem
1091 2706 1186 2755 tori
1226 2707 1312 2757 hic

233 2777 499 2842 legitimos
527 2779 782 2829 thalamos
803 2786 968 2831 notat.
1004 2782 1157 2831 Idem.

300 2857 370 2904 ’17
408 2854 619 2904 Felicior
634 2855 714 2904 ille
737 2858 801 2905 Te
822 2856 999 2919 socero]
1023 2857 1183 2908 Certe
1204 2871 1312 2906 om-

233 2937 360 2982 nem
399 2932 457 2981 in
493 2930 900 2983 eo-felicitatem
932 2931 1115 2984 habuit
1132 2935 1309 2985 Hono·

155 3073 164 3080 r
235 3009 363 3058 rius.
401 3008 554 3066 Ideni.

298 3090 376 3136 79
404 3084 546 3135 Iners
579 3091 666 3135 aut
695 3086 866 3151 impio]
899 3086 1209 3151 Eutropium
1234 3088 1311 3137 di-

237 3163 312 3214 cit
336 3170 394 3213 et
416 3162 662 3214 Rufinum
685 3180 753 3214 ex
788 3167 894 3213 suis
924 3180 1179 3234 quemque
1203 3180 1310 3214 mo-

237 3241 401 3292 ribus.
451 3241 516 3291 ln
542 3240 821 3291 Arcadium
851 3244 1004 3306 longe
1026 3243 1178 3292 aliter
1202 3243 1309 3292 ani·

236 3325 440 3374 matum
461 3317 622 3368 fuisse
644 3319 979 3369 Stilichonem
1020 3319 1183 3368 tradit
1218 3319 1309 3369 So-

238 3398 508 3457 z'omenus,
541 3396 631 3445 lib.
656 3409 742 3446 rx.
777 3411 893 3460 cap.
916 3400 967 3446 4.
1013 3396 1118 3446 Sed
1142 3411 1207 3445 ex
1232 3409 1313 3445 ru·

234 3465 487 3521 moribus.
521 3472 671 3522 Idem.

301 3541 367 3586 82
406 3538 530 3585 Cum
541 3536 772 3599 frenauit]
803 3537 1040 3586 Fremeret
1061 3536 1178 3587 libri
1201 3537 1310 3601 ple-

235 3612 422 3679 riqner
471 3613 566 3663 sed
598 3612 804 3673 fremuit
849 3620 1025 3663 exstat
1065 3614 1118 3662 iu
1159 3614 1309 3678 prim.

232 3689 412 3742 vatic.
462 3692 729 3754 excerptis
772 3691 908 3741 Laeti
949 3698 1005 3739 et
1042 3706 1133 3740 sex
1178 3691 1307 3740 aliis,

2291 373 2467 445 1⁶19

1394 527 1523 579 tioni
1557 530 1857 593 subscribit,
1889 536 1946 581 et
1983 530 2191 582 &cessio
2222 546 2285 583 ac
2321 532 2471 596 petiti

1391 606 1444 655 in
1463 608 1693 657 secundo
1708 623 1831 659 casu
1852 609 2130 673 approbat.
2163 610 2307 659 Male
2321 611 2464 662 idem

1390 683 1645 735 &aeconio
1681 686 1760 736 ira
1799 687 2103 750 reponebat,
2137 701 2256 735 nam
2291 685 2353 734 τὸ
2390 688 2461 738 sic

1391 763 1738 813 necessarium
1761 771 1863 827 est,
1884 779 2001 819 cum
2021 763 2080 812 τὸ
2098 770 2154 815 ut
2175 763 2461 830 subsequa-

1391 845 1495 889 tur.
1540 841 1611 892 D.
1637 840 1814 892 Heius.

1425 950 1432 957 -
1458 917 1669 967 Cenaxis
1682 918 1783 981 im]
1803 917 2036 980 Condere,
2058 931 2308 969 summam
2321 932 2467 970 com-

1390 993 1670 1044 motionem
1692 994 1848 1044 animi
1870 1000 2036 1044 notat.
2082 994 2263 1045 Barth.

1454 1072 1522 1119 86
1557 1071 1710 1133 Cujus
1726 1068 2000 1136 fultuflde]
2036 1070 2204 1135 Hujus
2241 1086 2321 1135 pr.
2355 1073 2465 1124 Vn-

1390 1145 1482 1197 tic.
1518 1152 1575 1197 et
1596 1148 1777 1198 decem
1806 1154 2081 1211 praeterea.
2118 1147 2191 1198 D.
2215 1147 2397 1201 Hem.

1454 1226 1519 1273 87
1575 1224 1770 1290 Stabat]
1818 1225 2143 1275 Inconcussa
2187 1240 2458 1291 permane-

1390 1300 1500 1365 bat,
1529 1300 1764 1354 florebat.
1830 1303 1974 1354 Stare
1997 1304 2172 1370 fidem,
2206 1319 2325 1369 qnae
2355 1319 2461 1356 nou

1391 1378 1622 1440 vacillet,
1642 1379 1773 1430 dixit
1793 1380 2032 1431 Plautus.
2075 1382 2248 1432 Barth.

1452 1461 1518 1506 88
1541 1456 1764 1508 Sidonias
1784 1458 2074 1524 chlamydes]
2096 1460 2320 1515 omnem
2333 1461 2461 1513 Ves-

1391 1540 1500 1583 tem
1521 1543 1792 1600 angustam
1817 1535 1965 1588 dicit.

1456 1612 1687 1676 Cingula]
1722 1613 1872 1663 Inter
1903 1615 2124 1679 insignia
2158 1615 2458 1681 Majestatis

1387 1692 1566 1758 Regiae
1589 1695 1640 1743 hi
1663 1694 1875 1745 balthei.
1909 1695 2088 1744 Barth.

1452 1764 1519 1820 90
1574 1770 1863 1820 Renidentes
1914 1770 2206 1836 hyacinthis]
2262 1773 2459 1823 Radan-

1384 1849 1554 1897 dontee
1575 1849 1726 1912 prim.
1747 1849 1919 1898 Vatic.
1961 1855 2017 1898 et
2059 1863 2154 1898 sex
2201 1850 2319 1901 alii:
2353 1850 2461 1900 nou¹

1388 1926 1581 1990 placet.
1636 1926 1784 1977 Infra
1823 1929 1876 1977 in
1921 1926 2101 1991 Epigr.
2157 1929 2174 1956 ⁸
2213 1929 2459 1993 Dumque

1385 2016 1510 2051 auro
1532 2003 1784 2068 phalerae,
1818 2005 2032 2068 gemmis
2057 2003 2179 2054 dum
2202 2003 2353 2054 frena
2373 2017 2456 2055 re·

1385 2078 1602 2129 uident?
1659 2079 1762 2129 Pro
1802 2078 2089 2143 Smaragdis
2122 2081 2318 2130 rectius
2356 2081 2459 2131 Lu-

1387 2169 1529 2207 cens.
1546 2155 1848 2219 Smaragdo,·
1881 2163 1936 2207 et
1959 2172 1990 2207 a
2010 2172 2165 2208 mann
2188 2158 2355 2222 prima
2378 2173 2463 2209 se·

1387 2233 1589 2284 cundus
1612 2234 1784 2289 Vatic.
1817 2236 1889 2285 D.
1908 2235 2083 2286 Heins-

1450 2316 1512 2362 91
1552 2313 1746 2377 Capulis
1781 2313 2105 2378 radiantibus]
2161 2312 2456 2364 Manubriis

1386 2389 1599 2454 gemmis
1651 2388 1990 2455 fulgentibus.
2044 2390 2275 2454 Capulus
2318 2389 2457 2440 euim

1386 2466 1601 2518 fortium
1640 2467 1900 2519 factorum
1932 2474 2266 2518 monumenta
2299 2467 2461 2518 babe-

1387 2544 1479 2594 bat
1502 2546 1706 2596 caelata.
1741 2546 1920 2598 Barth.

1450 2625 1515 2670 92
1550 2622 1694 2684 Igne]
1729 2623 1969 2686 Fulgore.
2011 2623 2163 2674 Ideni.

1449 2701 1513 2746 95
1540 2698 1766 2747 Mittitur
1788 2703 1835 2747 et
1856 2697 2017 2760 miles]
2051 2698 2136 2747 Ad
2160 2702 2335 2761 partes
2358 2697 2458 2749 sci·-

1383 2774 1514 2825 licet
1559 2774 1875 2826 orientales.
1971 2776 2124 2825 Dicit
2191 2775 2457 2826 exercitus

1386 2853 1544 2902 etiam
1562 2850 1783 2903 fratrum
1804 2868 1871 2903 ex
1895 2868 2043 2918 aequo
2067 2852 2321 2902 divisisse.
2340 2851 2461 2903 Me«

1385 2929 1565 2978 liorem
1597 2936 1768 2977 tamen
1789 2936 1996 2993 partem
2019 2928 2117 2977 sibi
2142 2935 2198 2980 et
2220 2926 2453 2977 Honorio

1387 3019 1478 3054 suo
1523 3019 1758 3054 servasse
1816 3004 2153 3054 Stilichonem
2197 3011 2459 3055 memorat

1386 3081 1640 3140 Zosimus,
1677 3082 1770 3132 lib.
1795 3097 1846 3133 v.
1884 3117 1889 3122 -

1453 3155 1649 3222 Partes]
1683 3155 1914 3221 Imperia
1935 3157 2039 3209 duo
2063 3158 2370 3209 Occidentis
2392 3164 2453 3209 et

1388 3234 1643 3286 Orientis.
1709 3238 1907 3302 Partes,
1921 3235 2156 3287 adversa
2186 3235 2461 3287 factiones.

1386 3313 1568 3363 Barth.

1449 3392 1516 3438 96
1568 3390 1821 3457 Tumeoeut]
1878 3392 1957 3439 Ex
2016 3390 2338 3441 dissensione
2396 3392 2465 3442 in²

1384 3465 1604 3517 Bellum.
1640 3467 1793 3517 Idem.

1447 3548 1513 3592 9⁷
1551 3544 1708 3599 Quam
1739 3544 2071 3609 peccmefide]
2116 3543 2202 3594 Sic
2239 3543 2461 3608 quidam,

1385 3628 1624 3680 veteres;
1659 3622 1893 3686 plerique
1918 3629 2089 3670 tamen
2109 3620 2289 3685 fldem.-
2328 3635 2459 3686 qua«

1384 3704 1505 3746 tuor
1523 3702 1735 3759 spectare
1741 3697 1894 3762 fidem
1909 3714 1926 3745 .·
1949 3696 2069 3746 Ald.
2086 3698 2264 3746 violare
2272 3697 2453 3762 fldem.-

236 3768 451 3818 Deinde
473 3783 572 3831 pro
590 3768 871 3817 Stilichonis
892 3767 1042 3829 prim.
1059 3768 1233 3818 Vatic.
1254 3774 1309 3817 et
1379 3789 1574 3837 peccare
1619 3774 1775 3839 fidem
1816 3775 2035 3838 probum
2086 3781 2165 3824 est
2190 3791 2203 3824 z
2260 3782 2455 3839 peccat

236 3844 323 3894 aiii
345 3845 498 3894 multi
516 3844 718 3895 Stilicho
739 3846 825 3893 sic.
862 3844 1007 3894 Nihil
1030 3858 1158 3907 ergo
1179 3859 1310 3907 opus

237 3921 583 3988 Raphelengii
631 3925 956 3989 conjectura,
1004 3923 1209 3973 lacessiti
1253 3931 1310 3973 et

232 4002 379 4065 petiti
402 4019 499 4069 pro
522 4004 764 4053 lacessitus
784 4010 841 4051 et
859 4003 1042 4065 petitus
1060 4017 1308 4066 reponen-

151 4099 158 4106 ·
237 4079 319 4129 tis.
355 4082 579 4130 Frustra
610 4081 696 4129 ille
736 4081 897 4130 etiam
936 4087 1147 4146 secutus
1181 4079 1309 4128 Isin·

241 4157 534 4222 grinianum
578 4160 787 4222 odiisque
850 4173 943 4221 pro
1008 4158 1311 4220 gladiisqu25

239 4233 381 4298 quod
410 4244 466 4286 et
503 4237 557 4285 in
594 4242 820 4300 quatuor
836 4234 1025 4284 nostris
1056 4233 1309 4283 exstabat.

240 4311 459 4366 Frustra
481 4313 729 4366 Barthius
746 4307 1186 4378 Raphelengianae
1208 4310 1310 4361 lec-

1383 3849 1535 3909 fides,
1557 3864 1671 3914 qnae
1697 3865 1799 3898 non
1828 3856 2128 3913 praestatur.
2179 3852 2308 3901 Mox
2333 3851 2453 3915 lege

1384 3927 1601 3989 quicquid
1627 3925 1790 3985 fuerit
1829 3929 1912 3976 vel
1951 3935 2134 3977 contra
2156 3927 2333 3978 libros.
2378 3929 2455 3979 D.

1389 4003 1561 4052 Heius.

1449 4084 1516 4128 99
1550 4075 1756 4141 Merer‘i]
1792 4079 2067 4141 obtinere,
2097 4095 2309 4143 capere.
2360 4080 2450 4131 Sic

1386 4156 1510 4206 alibi
1536 4157 1770 4205 Meritum
1794 4171 1886 4219 pro
1911 4156 2147 4219 praemio.
2174 4156 2351 4205 Barth.

1452 4239 1548 4283 100
1577 4235 1696 4290 Qua
1711 4234 1912 4283 crimina
1923 4232 2127 4296 polluunt]
2146 4233 2251 4282 Sex
2265 4232 2452 4297 scripti

1381 4316 1604 4374 poscunt.-
1636 4312 1736 4360 hoc
1767 4316 1865 4373 est,
1899 4313 2207 4374 provocant,
2245 4305 2328 4359 vel
2360 4308 2461 4368 im-,
