2992 4925
494 387 671 506 1³⁶4

494 559 617 600 num
652 549 986 616 Siculumque
1018 547 1255 600 fretum.'
1317 550 1567 602 Barthius

498 630 760 693 vulgatam
803 628 1112 692 scripturam
1154 627 1413 678 immerito
1453 634 1567 678 tue·

498 705 601 756 tur.
669 702 829 769 Apud
844 704 1566 769 ConstantinumPorphyro·

496 789 774 845 gennetem
816 783 868 832 in
907 782 1237 833 'Phematibus
1277 784 1467 842 Γοθῆνοι
1488 783 1567 833 di·

497 866 706 910 cuntur.
741 860 815 911 D.
836 858 1014 911 Heins-

562 940 662 987 624
698 936 762 984 In
799 935 986 990 lintraeis
1011 934 1211 1000 fregere
1244 935 1426 998 umus]
1470 935 1569 984 Co-

382 1077 387 1084 ·
494 1013 639 1077 piam
664 1013 872 1063 navium
887 1012 1138 1075 designat.
1172 1014 1367 1062 Lucan.
1400 1011 1491 1062 lib.
1525 1025 1567 1061 1.

497 1092 514 1119 ‘
539 1092 603 1141 In
660 1092 876 1141 classem
928 1090 1072 1139 cadit
1134 1104 1285 1139 omne
1347 1087 1568 1138 nemus!

494 1170 681 1224 Barth.

562 1251 660 1298 627
697 1245 939 1310 Incipiens
979 1244 1122 1311 oetas]
1176 1244 1439 1295 Honorius
1478 1258 1569 1293 na-

497 1329 584 1374 tus
633 1330 714 1374 est
774 1323 1228 1387 Constantinopoli
1283 1336 1420 1372 anno
1471 1325 1569 1371 384

495 1400 809 1464 Septembri,
873 1400 1148 1450 Ricomere
1201 1405 1261 1448 et
1315 1399 1569 1449 Clean-cho

396 1511 399 1512 ν
498 1480 644 1530 Coss.
696 1479 787 1529 sed
834 1483 958 1530 tunc
1003 1480 1175 1530 verius
1211 1481 1573 1531 renunciatum

494 1562 589 1612 aut
607 1554 938 1619 designatum
961 1556 1200 1606 arbitror.
1238 1558 1426 1606 Claver.

564 1632 764 1681 Primus
783 1632 957 1695 anuas]
1006 1634 1212 1683 Primus
1250 1635 1569 1698 consulatus,

496 1721 604 1757 non
642 1709 813 1758 aetatis
837 1723 1017 1774 annus,
1063 1724 1223 1774 quare
1244 1715 1300 1759 et
1321 1710 1570 1775 incipien-

502 1788 608 1833 tem
634 1791 843 1848 aetatem
863 1787 1144 1850 separavit.
1177 1787 1357 1837 Barth.

498 1886 505 1892 ·
571 1862 804 1912 Contudit
846 1863 1021 1926 annus]
1087 1862 1174 1912 Sic
1225 1864 1454 1914 nonnulli
1501 1878 1570 1913 ex

496 1940 705 2003 nostriS,
727 1939 981 2003 quomodo
1005 1939 1214 1989 Delrius
1251 1940 1440 2005 aliique
1454 1940 1569 2005 jam

496 2015 880 2065 emendandum
912 2016 1175 2068 viderunt.
1241 2017 1413 2082 Vulgo
1433 2017 1569 2068 male

492 2093 712 2143 matidii.
759 2093 899 2142 bello
929 2093 1056 2145 Get.
1089 2095 1106 2124 ‘
1129 2100 1277 2144 tanta
1298 2109 1395 2145 nee
1416 2094 1568 2146 clade

494 2170 781 2232 superbum
815 2170 1155 2220 Contudimus
1185 2171 1430 2222 Tanaim!
1472 2170 1568 2221 lib.

498 2256 543 2292 ι.
567 2246 620 2292 in
641 2245 842 2298 Stilich.
866 2247 881 2273 ‘
904 2260 1004 2295 non
1029 2247 1205 2296 Marte
1223 2248 1417 2296 Suevos
1437 2247 1571 2297 Con-

494 2318 760 2372 tudimus!
818 2334 895 2372 vr.
931 2323 1086 2372 Cous.
1147 2324 1347 2373 Honor.
1402 2323 1421 2354 ⁶
1444 2325 1570 2372 Ret-

496 2398 640 2449 tudit
661 2399 876 2448 hostiles
900 2400 1128 2466 animos,’
1159 2407 1217 2450 ut
1257 2401 1365 2451 illic
1397 2403 1571 2465 legen·

472 2472 639 2528 dum.
705 2476 894 2527 Posset
928 2484 985 2528 et
1014 2480 1121 2544 legi
1147 2479 1388 2542 Incipiens
1407 2485 1567 2530 estas.

496 2554 741 2618 sequenti
780 2568 939 2605 versu
987 2570 1083 2619 pro
1136 2554 1386 2605 submersoe
1440 2570 1569 2606 rinus

496 2629 776 2685 Pulmanni
814 2646 1058 2682 succensa.
1113 2633 1309 2696 placet,
1358 2646 1455 2696 pro
1491 2633 1568 2682 in-

497 2718 686 2756 censae.
721 2708 792 2756 D.
820 2707 992 2758 Heius.

559 2774 659 2831 686
678 2783 1206 2847 Corporibus'premitar
1226 2783 1403 2848 Peuce]
1426 2785 1570 2835 Stra-

496 2871 613 2923 gem
631 2859 865 2909 omnibus
879 2860 1085 2909 omnino
1101 2860 1369 2911 navalibus
1392 2862 1569 2925 eopio-

494 2937 682 2986 siorem
707 2936 932 2987 testatur
947 2935 1109 2987 fuisse
1129 2937 1383 3007 Zosimus.
1409 2938 1570 2989 Peuce

497 3019 673 3063 autem
712 3012 882 3062 insula
902 3011 1136 3062 Danubii
1158 3013 1365 3077 populis
1405 3014 1567 3077 culta,

496 3089 586 3154 qui
609 3089 881 3153 speciatim
914 3090 1120 3139 Peuceni
1143 3089 1565 3154 perhibebantur.

496 3165 681 3216 Barth.

562 3247 661 3293 632
698 3242 943 3306 Odotlroei]
987 3243 1265 3293 Promotus
1294 3244 1400 3294 dux
1421 3244 1567 3309 pedi-

496 3326 607 3371 tum
644 3320 698 3370 in
737 3321 961 3370 Thracia
997 3320 1309 3371 Odothaeum
1343 3321 1564 3386 navigiis

494 3411 786 3462 aggressus,
842 3397 1050 3447 Zosimo
1087 3402 1319 3460 auctore,
1367 3404 1564 3451 tantam

494 3482 723 3538 stragem
738 3474 925 3535 edidit,
941 3481 1000 3524 ut
1013 3472 1203 3524 flumen
1218 3475 1564 3527 cadaveribus

493 3551 815 3615 oppleretur.
853 3552 991 3600 Clau.

559 3630 656 3676 633
685 3627 819 3690 Tibi]
851 3626 1089 3678 Geminis
1115 3625 1215 3676 tois
1236 3626 1415 3693 primis
1431 3626 1564 3677 Con·

493 3702 766 3755 sulatibuS.

556 3779 786 3833 Secundis
799 3782 1042 3847 auspiciis]
1072 3783 1359 3833 Consulatu
1382 3796 1563 3832 secun·

490 3854 580 3906 do'.
614 3856 793 3906 Barth.

500 3964 507 3969 <
556 3935 652 3981 635
684 3933 976 3996 Tyrannum]
1010 3934 1314 3998 Eugenium,
1337 3946 1453 3985 cum
1472 3949 1563 3985 suo

490 4008 749 4073 Magistro
777 4009 1085 4074 Arbogaste.
1122 4012 1269 4060 Idm.

500 4126 503 4131 .
555 4089 656 4135 636
689 4087 816 4137 Ister
853 4088 1135 4149 sanguineos
1163 4088 1264 4150 egit
1299 4094 1347 4137 te
1378 4090 1563 4138 consule

490 4160 692 4225 montes]
725 4163 814 4212 Ita
829 4164 1010 4227 primae
1035 4162 1290 4215 editiones
1312 4171 1366 4213 et
1377 4165 1563 4227 scripti

488 4250 686 4290 omnes.
753 4241 969 4304 Vulgati
994 4242 1120 4290 duos
1138 4256 1316 4291 versus
1340 4257 1434 4307 pro
1460 4257 1560 4292 uno

488 4315 645 4380 nobis
664 4317 982 4370 obtrudunt:
1018 4318 1145 4369 Ister
1158 4319 1438 4380 sanguineos
1458 4318 1562 4380 egit

489 4399 541 4444 ts
555 4396 738 4446 consule
735 4394 935 4460 fluctus.
944 4395 1351 4462 Alpinosgenitor
1365 4386 1498 4462 rupit
1511 4402 1562 4451 te

851 404 1069 455 No'rAE
1115 403 1521 458 vAluoRUM
1570 405 1651 456 m
1699 406 1817 457 01..
1861 405 2147 457 CLAUD.
2194 403 2361 454 vul.

1639 551 1824 601 cunels
1836 555 2030 601 noma.
2049 550 2200 616 cujus
2221 549 2276 602 id
2297 547 2601 610 liberalitati
2616 541 2708 602 de·

1642 629 1870 693 beamus,
1882 629 2157 692 incertum,
2165 629 2263 678 nisi
2282 628 2420 694 qnod
2435 636 2709 692 suspectas

1641 705 1726 755 hic
1748 706 2056 769 Isingrinus.
2121 706 2366 756 Bartbius
2400 712 2576 756 tamen
2611 718 2712 769 pro

1641 782 1868 845 vulgatis
1884 782 2265 845 exemplaribus
2284 779 2565 845 praefracte
2580 794 2709 844 pug-

1640 864 1752 907 nat.
1785 856 1916 908 Quis
1937 871 2039 906 non
2062 857 2209 908 videt
2230 855 2576 922 posteriorem
2597 869 2711 908 ver·

1643 948 1753 983 sum
1782 935 2061 998 languere?
2093 948 2214 983 nam
2233 947 2332 984 cur
2352 932 2552 997 Alpinas
2567 947 2713 997 nuper

1641 1025 1746 1062 non
1767 1011 1921 1073 dixit,
1942 1017 2002 1061 ut
2022 1011 2193 1075 poetae
2209 1010 2527 1075 loquuntur?
2559 1013 2576 1039 ⁸
2595 1024 2712 1063 sau·

1644 1088 1818 1152 guinei
1869 1086 2090 1137 montes'
2137 1086 2398 1153 quomodo
2445 1085 2711 1149 Virgilius,
2747 1083 2754 1090 ⁴

1641 1165 1657 1190 ‘
1678 1169 1974 1227 praeruptus
2004 1177 2154 1228 aquae
2175 1161 2362 1212 mons.’
2395 1167 2452 1212 et
2473 1157 2613 1226 apud
2635 1161 2711 1212 O-

1644 1240 1750 1290 vid.
1779 1238 1795 1270 ‘
1819 1238 1999 1303 quanti
2037 1243 2239 1290 montes
2261 1237 2538 1290 volvuntur
2559 1250 2714 1303 aqut-

1643 1331 1775 1366 rum.
1778 1314 2106 1366 'cadavera
2092 1329 2147 1363 ιιι
2169 1314 2364 1366 Istrum
2382 1312 2714 1378 praecipitata

1645 1391 1912 1457 intelligit.
1945 1393 2016 1442 D.
2044 1392 2217 1444 Heius.

1710 1468 1858 1532 Ister]
1924 1467 2254 1518 Horrendum
2309 1467 2408 1518 Rei
2461 1468 2710 1518 Romana

1645 1561 1833 1598 nomen
1873 1543 2037 1611 fluvii,
2075 1545 2143 1595 ob
2184 1550 2266 1595 tot
2285 1544 2337 1594 oi
2358 1542 2554 1596 infusas
2585 1558 2713 1608 gen·

1647 1630 1745 1677 tes.

1710 1700 2003 1764 sanguineos
2010 1698 2213 1764 fimus]
2262 1698 2422 1749 Caede
2456 1697 2718 1778 Barbaro-

1644 1792 1778 1842 rum,
1797 1777 1950 1828 modo
1973 1778 2133 1828 dicta.
2167 1777 2347 1828 Barth.

1708 1862 1807 1909 638
1827 1858 2025 1923 Semper
2037 1872 2201 1907 venere
2219 1856 2450 1921 triumphi
2469 1857 2593 1906 Cam
2612 1860 2714 1905 tra·

1644 1934 1766 1999 heis]
1797 1936 1885 1987 Sic
1907 1950 1998 1985 suo
2032 1936 2229 1996 Marte,
2263 1933 2508 1999 auspiciis
2534 1939 2713 1986 autem

1644 2012 1862 2062 Honor-ii
1883 2010 1980 2060 filii
2003 2010 2140 2061 bella
2175 2010 2414 2074 gessisse,
2432 2009 2714 2075 hostesque

1644 2104 1913 2154 superasse
1931 2087 2292 2150 Theodosium,
2321 2087 2458 2136 dixit
2477 2086 2715 2150 superio·-

1643 2182 1722 2229 re,
1743 2174 1801 2216 et
1822 2168 1962 2217 circa
1983 2165 2235 2230 principia
2252 2165 2411 2215 etiam
2431 2163 2587 2228 hujus
2611 2176 2714 2220 ,no-

1645 2242 1883 2294 bilissimi
1906 2240 2245 2305 Panegyrici.
2276 2240 2430 2291 Idem.

1709 2322 1808 2367 639
1840 2317 2156 2381 Sequiturque
2173 2316 2307 2381 taos]
2350 2315 2513 2369 Quasi
2534 2313 2710 2368 affixa·

1708 2478 1806 2524 640
1840 2473 1923 2522 Sis
1937 2488 2108 2536 precor
2122 2473 2338 2527 assiduus
2356 2472 2569 2536 Consul]
2586 2472 2712 2524 Non

1642 2551 1826 2601 assidue
1857 2551 2056 2617 scripti.
2120 2552 2281 2609 Forte
2316 2552 2574 2603 adduam.
2639 2549 2710 2601 D.

1644 2629 1833 2680 Heius.

1711 2706 1888 2770 Marii]
1910 2704 2117 2770 Septies
2133 2705 2348 2768 Consul,
2363 2704 2567 2771 quoties
2586 2710 2712 2760 ante

1642 2799 1760 2834 eum
1784 2798 1953 2835 nemo.
1985 2782 2164 2832 Barth.

1706 2864 1800 2910 641
1827 2858 2035 2911 Gaudia
2053 2857 2237 2924 mundi]
2282 2858 2467 2911 Mando
2487 2858 2714 2909 Lucem.

1644 2941 1700 2985 et
1722 2934 1918 2986 Medic.
1942 2948 2071 2983 unus
2094 2947 2210 2983 cum
2234 2932 2400 2987 tribus
2423 2933 2710 2987 Vaticanis,

1640 3014 1854 3064 rectius.
1889 3012 1957 3067 D.
1980 3010 2152 3060 Heius.

1706 3093 1804 3138 642
1836 3088 2035 3150 Lanago
2056 3102 2160 3136 cum
2176 3100 2362 3150 serpere
2382 3086 2574 3150 emper-it
2599 3086 2711 3150 ora]

1642 3166 1773 3216 Cum
1797 3166 1963 3215 virum
2001 3169 2056 3213 te
2089 3169 2337 3227 agnoscet
2368 3162 2607 3228 mundus,
2621 3178 2712 3215 cu-

1630 3243 1723 3307 jus
1746 3242 1949 3293 tantilla
1972 3248 2101 3293 oetas
2118 3240 2353 3291 omnibus
2369 3240 2535 3291 modis
2552 3241 2710 3293 deco-

1641 3320 1778 3370 ravit
1797 3318 2095 3382 Imperium.
2130 3317 2320 3368 Primae
2344 3317 2599 3381 lanuginis
2617 3330 2710 3407 po-

1640 3396 1761 3447 sitio
1803 3394 1994 3445 festum
2033 3395 2216 3458 ingens
2263 3394 2510 3445 Romanis
2553 3396 2711 3445 mori·-

1640 3472 1733 3523 bus
1735 3483 2060 3535 ,summaque
2077 3475 2202 3521 vota
2215 3475 2507 3534 parentum.
2529 3471 2710 3525 Barth.

1702 3553 1800 3598 643
1860 3549 1984 3597 Cam
2025 3547 2119 3597 tibi·
2160 3546 2453 3610 prodiderit]
2517 3546 2708 3610 magr.

1640 3623 1855 3690 Gyrald.
1874 3629 1935 3674 et
1957 3622 2116 3687 aliqui
2138 3637 2205 3672 ex
2226 3623 2420 3672 nostris
2432 3624 2709 3686 procurarit.

1637 3701 1774 3767 quod
1799 3701 2011 3750 alterius
2032 3701 2307 3763 glossema.
2335 3701 2535 3764 prodere
2570 3700 2708 3751 enim

1639 3775 1894 3843 proferre.
1958 3776 2139 3839 Vir-gil.
2157 3777 2292 3835 ,AEm
2337 3789 2402 3825 11.
2449 3775 2464 3804 ⁶
2486 3776 2709 3841 laetique

1639 3871 1767 3908 cavo
1805 3870 1860 3904 se
1900 3854 2092 3905 robore
2131 3854 2397 3919 produnt)
2449 3855 2710 3919 quomodo

1635 3933 1757 3981 libri
1814 3931 2093 3981 veterrimi.
2183 3932 2300 3981 Val.
2357 3931 2531 3982 Flacc.
2576 3944 2709 3985 vnn

1637 4009 1653 4037 ‘
1677 4008 1900 4058 Condita
1921 4005 2175 4057 lethiferis
2213 4006 2389 4070 prodit
2412 4007 2706 4059 medicami-

1636 4101 1705 4136 na
1745 4085 1925 4136 cistis?
1969 4087 2045 4135 sic
2083 4084 2345 4134 Carrionis
2378 4083 2528 4133 liber.
2561 4084 2708 4148 quod

1634 4165 1723 4214 ille
1747 4180 1849 4215 non
1870 4163 2146 4214 intellexit.
2157 4158 2431 4227 '‘Avienus,
2452 4160 2580 4212 Fab.
2598 4175 2704 4213 xu-

1633 4241 1649 4269 ‘
1674 4243 1726 4292 N
1730 4256 1832 4291 unc
1854 4242 2067 4291 inventa
2095 4240 2227 4290 meis
2262 4253 2363 4289 non
2395 4238 2570 4302 prodis
2591 4253 2703 4288 mu-

1634 4334 1762 4369 nera
1783 4318 1959 4382 cistis,’
1987 4332 2106 4369 cum
2132 4316 2298 4369 veteri
2322 4316 2473 4366 libro.
2539 4314 2702 4377 ovid.

1637 4397 1779 4448 Fast.
1800 4407 1853 4447 v.
1883 4396 1900 4422 ‘
1922 4394 2112 4447 Prodit
2143 4392 2372 4446 formoso
2395 4386 2608 4445 condita
2628 4392 2703 4445 vi-
