2992 4925
521 420 693 491 1348

524 601 637 637 sum
660 586 900 651 exempla
930 590 1053 636 sunt
1084 583 1259 635 multis
1290 584 1347 635 iu
1369 583 1590 649 scripto-

522 664 685 718 ribus.
751 663 874 713 Non
897 662 972 711 ita
994 663 1221 725 veteres,
1252 675 1469 727 quorum
1493 660 1587 710 sub

522 741 745 805 pellibus
764 738 1111 790 habitationes
1131 740 1236 790 alia
1257 739 1428 790 omnia
1449 737 1588 790 fere-

520 818 666 868 bant.
698 817 877 879 Barth.

518 920 525 928 ·
586 899 682 945 225
716 892 981 957 Emer-vent]
1012 893 1078 945 Iu
1112 894 1283 944 nervis
1319 894 1469 944 virile
1507 909 1586 944 ro-

522 971 640 1036 bur,
657 971 795 1022 unde
812 970 864 1022 id
882 971 1107 1035 demere,
1122 986 1393 1022 enervare.
1428 970 1587 1022 Avie-

524 1065 653 1101 nus:
704 1049 723 1080 ‘
746 1050 822 1100 Ut
851 1050 1030 1099 Venus
1065 1055 1284 1100 enervat
1320 1050 1475 1111 vires,
1512 1049 1585 1100 sic

518 1128 675 1194 ‘copia
695 1127 922 1178 Bacchi?

515 1225 525 1234 ·
585 1206 814 1256 Ponenda
850 1203 1033 1254 salubri
1068 1205 1241 1253 Castro
1277 1202 1398 1266 loeo]
1449 1201 1587 1252 Vide

520 1283 823 1348 vegetium,
860 1296 900 1331 1.
938 1285 1021 1331 22.
1086 1281 1173 1330 De
1212 1280 1434 1331 Ratione
1473 1284 1589 1329 tota

521 1359 849 1422 (mosander,
869 1372 916 1408 c.
938 1362 987 1410 8.
1020 1358 1199 1408 Barth.

516 1445 521 1468 -“
586 1441 683 1487 324
722 1436 859 1499 vigil
876 1434 1088 1485 custodia
1105 1432 1248 1496 vallo]
1282 1434 1369 1483 De
1382 1432 1588 1497 Vigiliis

520 1513 747 1564 ubertim
769 1518 1017 1563 notarunt
1047 1510 1211 1572 docti,
1243 1511 1331 1575 qui
1354 1510 1588 1561 militiam

519 1597 751 1641 veterem
777 1586 1119 1639 illustrarunt.
1154 1588 1308 1637 Idem.

583 1671 679 1717 325
714 1668 877 1729 Disce,
907 1666 989 1716 ubi
1013 1666 1203 1715 denari
1244 1664 1439 1729 cuneus]
1496 1667 1590 1715 Cte-

495 1758 627 1793 ¹neos
656 1749 797 1792 recte
824 1741 1207 1807 Rapbelengius
1229 1748 1286 1791 et
1308 1741 1589 1804 Livineius.

514 1817 715 1884 Scripti
740 1818 974 1883 plerique
994 1818 1077 1868 ubi
1095 1820 1265 1870 densae
1284 1819 1378 1868 erit
1397 1834 1585 1870 cuneus.

512 1896 674 1947 Unde
727 1895 912 1946 denseri
951 1910 1116 1945 cuneos
1169 1895 1372 1959 conjeci
1427 1895 1581 1946 olim·

517 1974 658 2041 quod
681 1974 930 2025 Lucensis
948 1974 1079 2024 liber
1093 1973 1400 2026 confirmat.
1434 1975 1504 2025 de
1520 1990 1583 2026 eo

515 2053 679 2105 verbo
696 2055 860 2103 multa
877 2052 943 2102 ad
962 2053 1257 2104 Lucretium
1276 2052 1587 2118 Giphanius,

418 2137 422 2140 “
518 2133 577 2180 et
607 2145 701 2181 nos
736 2129 801 2179 ad
838 2131 1133 2180 Nasonem:
1170 2145 1269 2179 nee
1304 2131 1458 2180 aliter
1487 2145 1584 2195 pro

435 2248 438 2251 .
516 2209 712 2256 &usare
730 2207 981 2268 scriptum
1015 2205 1124 2255 fere
1159 2205 1394 2256 offendas
1426 2207 1477 2255 in
1495 2220 1584 2256 an-

516 2284 819 2349 tiquissimis
835 2282 1064 2346 Virgilii,
1081 2280 1279 2344 Ovidii,
1291 2281 1468 2343 Statii,
1485 2282 1586 2331 Lu-

517 2361 655 2424 cani,
677 2360 804 2423 Silii,
822 2359 1118 2420 Prudentii,
1156 2359 1372 2408 aliorum
1391 2357 1584 2409 codici-

506 2435 633 2488 bus.
701 2435 1023 2498 Ammianus,
1063 2434 1179 2486 libr.
1222 2446 1340 2486 xvx.
1388 2434 1407 2464 ⁴
1438 2433 1583 2486 Quos

515 2530 636 2566 cnm
659 2514 771 2578 jam
811 2527 976 2578 prope
1011 2513 1286 2562 densantes
1324 2517 1489 2562 semet
1528 2511 1582 2561 in

509 2606 709 2644 cuneos
726 2622 730 2629 ·
749 2597 1042 2641 nostrorum
1091 2603 1413 2654 conspexere
1433 2586 1583 2640 'duc-

514 2673 681 2730 tor-es,
727 2672 992 2718 steterunt
1032 2665 1265 2730 vestigiis
1307 2663 1455 2717 fixis!
1508 2665 1581 2716 D.

504 2744 691 2795 fletu.

582 2821 747 2885 Disce,
788 2819 895 2885 ubi]
918 2832 923 2836 ·
945 2821 1214 2871 Momenta
1266 2834 1404 2871 nunc
1446 2820 1583 2871 aciei

506 2896 833 2949 instruendas
870 2906 1266 2964 temporumque
1288 2898 1584 2962 Imperator

514 2975 946 3041 prudentissimus
983 2975 1198 3026 militiae.
1264 2975 1500 3025 Maxima
1528 2989 1582 3024 e-

504 3053 625 3103 mm
650 3053 1052 3117 opportunitatis
1073 3051 1207 3104 ratio
1223 3052 1380 3102 etiam
1401 3051 1455 3101 in
1474 3051 1583 3102 bel-

513 3128 630 3179 licis
650 3131 986 3179 successibus.

582 3205 792 3256 Densori
806 3206 995 3270 euneos]
1027 3204 1091 3255 In
1110 3213 1313 3255 arctum
1328 3203 1581 3255 contrahi.

514 3281 653 3332 vide
705 3282 979 3342 AEliauum,
1035 3282 1313 3332 Tacticou.
1343 3293 1460 3345 cap.
1500 3284 1582 3332 82.

581 3435 815 3500 Dema]
845 3436 863 3464 ‘
885 3434 1093 3500 AEquali
1112 3433 1444 3499 legitimoque
1464 3447 1581 3498 spa-

509 3512 628 3577 ‘tio,'
650 3514 724 3564 ait
742 3514 1007 3576 Vegetius,
1037 3517 1052 3540 ‘
1076 3512 1222 3562 miles
1244 3511 1403 3561 distet
1426 3525 1457 3560 a
1486 3511 1579 3561 mi-

515 3592 644 3653 lite;
680 3606 844 3657 neque
869 3593 1008 3641 ultra
1033 3606 1182 3657 quam
1206 3588 1441 3653 expedit,
1462 3602 1581 3639 con-

517 3669 758 3734 globetur
780 3684 965 3734 agmen
989 3677 1077 3718 aut
1097 3664 1335 3718 laxetur.'

500 3769 511 3789 ι
610 3747 799 3795 Cornua
853 3745 1006 3808 tendi]
1071 3743 1256 3796 Aciem
1313 3742 1579 3810 explicari.

578 3902 675 3948 327
731 3899 851 3954 Quae
881 3897 1054 3958 fraudi
1097 3900 1389 3949 accommoda
1421 3897 1583 3963 vullis]

515 3975 711 4040 scripti
728 3974 965 4039 plerique
978 3978 1213 4024 commoda
1227 3992 1245 4024 .·
1277 3975 1368 4024 sed
1390 3984 1585 4038 perpe·'

516 4069 642 4105 ram.
708 4054 896 4120 virgil.
960 4058 975 4081 ⁶
998 4057 1092 4105 Est
1135 4069 1295 4104 curvo
1338 4051 1577 4103 anfractu

511 4131 662 4182 vallis
679 4149 694 4182 ι
728 4132 1060 4182 accommoda
1076 4130 1265 4193 fraudi,
1282 4130 1579 4180 Armorum·

514 4223 619 4274 qne
653 4208 853 4258 dolis.'·
885 4209 1102 4270 Statius,
1137 4209 1298 4259 Theb.
1323 4221 1378 4257 x.
1414 4208 1429 4235 ‘
1456 4209 1577 4258 Nox

512 4282 755 4357 tfoeeunda
769 4301 1002 4352 operum,
1022 4286 1352 4352 pulcbraeque
1374 4300 1577 4335 accom-

513 4362 669 4413 moda
705 4362 905 4414 fraudi!
968 4365 1133 4414 Theb.
1156 4377 1234 4414 vl.
1275 4363 1293 4391 ‘
1316 4362 1449 4412 Inde
1485 4360 1578 4413 do-

513 4429 622 4493 lum
665 4440 873 4509 juvenis
924 4439 1196 4509 fraudique
1247 4439 1581 4495 accommoda

877 436 1096 488 No‘rAE
1146 433 1550 485 VARIORUM
1594 433 1675 483 IN
1723 434 1842 484 01..
1888 425 2166 484 cLAtm.
2214 431 2379 483 vm.

1665 582 1827 633 sensit
1870 580 2168 648 Tempora!
2248 579 2478 632 Alcimus
2519 573 2721 639 Avitus,

1661 659 1755 710 lib.
1776 674 1843 710 11.
1872 660 1890 688 ‘
1916 658 2231 725 Opportuna
2268 657 2399 707 dolis
2431 656 2712 720 clausaeque

1662 738 1994 788 accommoda
2015 735 2224 787 fraudi!
2258 735 2494 785 Utuntur
2514 747 2575 783 ea
2590 727 2713 784 voce

1659 815 1855 865 Statius
1914 821 1970 865 et
2021 820 2205 865 noster
2256 826 2360 863 non
2415 825 2546 862 raro.
2645 807 2711 858 D.

1663 893 1837 944 Heius.

1728 971 1914 1020 Fraude·
1932 985 2035 1034 quoe
2049 970 2284 1020 commoda
2303 966 2469 1030 tollis]
2498 959 2720 1016 Insidiai

1661 1047 1810 1110 dicit,
1853 1063 1966 1113 quae
2012 1054 2133 1098 sunt
2176 1047 2339 1111 copie
2381 1038 2713 1102 accommodis

1660 1124 1789 1175 locis
1813 1125 2105 1175 occultatas.
2138 1124 2319 1174 Barth.

1661 1219 1668 1224 ·
1727 1205 1823 1251 328
1859 1203 1983 1258 Quoe
2001 1202 2082 1251 viu
2105 1199 2336 1268 difficilis]
2384 1198 2493 1256 Qun
2522 1199 2573 1248 in
2598 1210 2718 1246 non·

1662 1280 1834 1344 nullis,
1867 1280 2029 1331 etiam
2062 1280 2115 1330 in
2153 1279 2319 1344 primo
2349 1276 2716 1329 Vaticano..D.

1663 1356 1837 1406 Heius.
2733 1401 2740 1406 .

1665 1453 1671 1458 ·
1712 1433 2145 1484 Fiditsimoenibus
2155 1433 2325 1497 hostis]
2341 1436 2483 1500 Lege
2497 1434 2722 1494 AEneam3

1642 1510 1720 1561 xet
1740 1512 1927 1561 Leonis
1947 1525 2062 1575 cap.
2086 1516 2165 1562 15.
2196 1511 2376 1564 Barth.

1728 1593 1825 1639 329
1858 1589 2046 1639 Murali
2063 1588 2224 1653 padua]
2256 1588 2363 1641 Qui
2384 1601 2584 1637 murum
2603 1598 2721 1636 con-

1663 1666 1833 1716 cutiat
1854 1672 1910 1715 et
1933 1663 2240 1717 labefactet.
2274 1665 2425 1716 Idem.

1726 1747 1846 1792 330
1857 1743 1994 1793 Saxa
2013 1748 2138 1793 rotet
2157 1758 2369 1807 preceps
2388 1742 2539 1806 aries]
2573 1738 2721 1793 Aries

1661 1834 1764 1869 non
1807 1825 1949 1871 rotat
1989 1835 2144 1870 saxa:
2203 1820 2338 1871 bene
2375 1836 2504 1887 ergo
2547 1816 2723 1882 scripti

1661 1897 1980 1962 quindecim,
2013 1898 2148 1947 Saxa
2168 1902 2306 1947 rota.-
2334 1911 2545 1962 proeeeps
2572 1894 2727 1945 aries.-

1660 1974 1760 2024 nisi
1779 1974 1940 2024 mavis
1959 1972 2202 2038 fortasse,
2226 1971 2362 2024 Saxa
2382 1979 2510 2048 terat
2521 1985 2725 2038 preceps

1657 2053 1815 2104 aries.-
1847 2061 1906 2103 nt
1924 2067 2093 2103 muros
2112 2066 2293 2102 saxeos
2313 2051 2512 2103 innuat.
2536 2058 2592 2102 et
2609 2049 2725 2101 moi

1661 2144 1756 2196 pro
1772 2134 2087 2195 protectaque,
2118 2129 2503 2196 Rapbelengins
2518 2134 2723 2194 preten-

1658 2214 1813 2271 taque.
1903 2206 2191 2271 Isingrinus
2246 2205 2548 2271 prqy'ecmque
2608 2219 2722 2255 cum

1660 2284 1860 2333 duobus
1917 2282 2064 2333 aliis:
2120 2283 2329 2348 qnidam
2386 2287 2724 2348 proetectaque.

1660 2362 1893 2411 Florent.
1932 2360 1987 2411 S.
2031 2360 2198 2410 Marci
2236 2365 2570 2425 portentoque,
2632 2372 2725 2422 pro

1652 2444 1981 2504 protentaque,
2021 2444 2081 2490 ut
2115 2443 2386 2504 protentum
2419 2444 2613 2490 contum
2650 2449 2727 2486 vr.

1659 2518 1811 2568 Cous.
1828 2516 2047 2566 Honorii
2067 2516 2234 2566 dixit:
2267 2516 2396 2583 nibil
2416 2515 2721 2566 mutandum

1658 2592 1891 2644 videtnrz
1928 2592 2036 2658 agit
2061 2594 2127 2643 de
2158 2591 2425 2644 testudine
2453 2588 2725 2644 arietaria:

1658 2689 1773 2724 eam
1796 2672 2060 2723 exeruisse
2083 2671 2235 2721 modo
2256 2678 2442 2736 caput,
2466 2670 2621 2721 modo
2643 2682 2729 2721 oc·

1656 2750 1900 2814 culuisse,
1938 2764 1999 2800 ac
2033 2748 2251 2814 proinde
2276 2749 2600 2801 testudinem
2622 2746 2729 2796 dic·

1657 2833 1764 2878 tam
1787 2827 1852 2877 ab
1875 2826 1990 2892 ejus
2013 2825 2245 2877 animalis
2265 2824 2632 2887 similitudine,
2663 2836 2731 2872 ex

1652 2905 1883 2954 Tacticis
1930 2902 2276 2967 scriptoribus
2318 2907 2491 2965 patet.
2557 2898 2730 2951 Video

1656 2990 1713 3033 et
1734 2981 2003 3032 Bartbium
2042 2980 2177 3030 curis
2218 2978 2459 3028 secundis
2501 2975 2731 3042 pro-vul·

1656 3065 1780 3124 gata
1798 3058 2061 3123 scriptura
2082 3069 2332 3121 pugnare.
2366 3056 2439 3105 D.
2469 3056 2644 3105 Heius.

1720 3136 1856 3186 Saxa
1897 3138 2022 3186 rotet
2056 3147 2265 3199 preceps
2298 3130 2450 3194 aries]
2500 3129 2733 3195 Ingenti,

1651 3212 1903 3277 velutque
1941 3210 2164 3275 desuper
2197 3206 2425 3258 immisso
2471 3207 2732 3272 pondere.

1653 3288 1898 3353 Proeceps,
1918 3288 2038 3355 qnia
2060 3300 2249 3368 magno
2275 3285 2502 3348 impetu,
2524 3292 2582 3334 et
2606 3284 2733 3333 mul-

1655 3370 1823 3414 torum
1845 3354 2103 3416 bominum
2127 3363 2322 3413 viribus
2344 3363 2623 3426 impulsus,
2645 3375 2734 3412 ve·

1652 3441 1732 3491 lut
1755 3455 1860 3492 non
1884 3439 2211 3498 revocabilis.
2245 3439 2428 3490 Barth.

1718 3521 1814 3568 831
1850 3518 1984 3566 Ruat
2019 3530 2257 3567 emersura
2280 3513 2534 3580 juventus]
2569 3512 2730 3564 Cuni-

1654 3594 1782 3643 culis
1803 3594 1900 3644 sub
1926 3600 2066 3644 terra
2087 3592 2309 3657 effossis,
2326 3598 2384 3642 ut
2399 3592 2731 3643 obsessorum

1654 3671 1708 3720 in
1742 3670 1927 3721 mediis
1965 3666 2187 3721 hostium
2224 3668 2602 3721 munitionibus
2643 3684 2734 3734 pa·

1655 3754 1771 3798 reat
1791 3747 2118 3811 improvisus.
2185 3748 2326 3810 Lege
2349 3744 2528 3795 AEneae
2552 3746 2733 3807 Tacti-

1654 3840 1792 3888 cum,
1823 3839 1924 3875 non
1948 3826 2056 3875 sine
2092 3823 2525 3889 praestantissimo
2568 3824 2732 3876 Scho-

1652 3903 1823 3952 liasta.
1856 3903 2006 3952 Idem.

1719 3984 1817 4030 382
1848 3979 1908 4029 Si
1948 3981 2088 4042 longa
2124 3982 2330 4028 moretur
2370 3975 2598 4042 Obsidio]
2633 3977 2734 4027 Ca-

1651 4057 1873 4107 vendum
1913 4055 2007 4118 ait,
2039 4069 2107 4105 ne
2137 4058 2311 4103 tracta
2342 4051 2621 4103 obsidione
2658 4055 2734 4102 la-

1655 4131 1834 4182 bascat
1857 4130 2002 4195 vigor'
2023 4128 2390 4191 obsidentium,
2413 4127 2628 4193 ipsique
2650 4143 2736 4178 se·

1652 4209 1762 4258 curi
1797 4209 1903 4258 sint
1938 4207 2241 4257 damnorum
2279 4205 2346 4256 ab
2384 4204 2619 4255 obsessis
2653 4204 2735 4254 in-

1651 4282 1999 4334 ferendorum.
2063 4281 2331 4346 vegetius,
2347 4293 2426 4331 xv.
2448 4282 2534 4330 28.
2571 4280 2734 4342 Idem.

1718 4365 1814 4410 388
1847 4359 2048 4424 Secura]
2082 4351 2227 4410 Cave
2243 4373 2308 4407 ne
2327 4372 2421 4422 per
2438 4348 2735 4418 segnitiem

1650 4443 1746 4488 aut
1762 4434 2032 4489 socordem
2049 4435 2380 4488 securitatem
2394 4430 2738 4485 animunrre-
