2992 4925
500 403 673 476 1420

845 425 1064 477 κους
1109 427 1517 478 namnum
1571 429 1654 479 m
1700 431 1813 481 οι.
1859 401 2131 481 cnseo.
2181 431 2379 484 xvn.

1468 807 1722 882 XVII.

593 1025 749 1103 DE
808 1028 1188 1106 MALLn
1255 1031 1407 1105 ΤΗ
1424 1029 1849 1106 eonem
1915 1007 2594 1110 CONSULATU.

554 1235 879 1302 Panegyricus
907 1240 958 1290 in
994 1241 1298 1293 Consulatum
1320 1242 1398 1293 ΡΙ.
1422 1243 1553 1292 Mal-

486 1311 544 1361 tii
572 1314 826 1379 Theodon]
875 1317 961 1367 Ita
998 1321 1300 1369 concinnavi
1341 1321 1551 1371 titulum

487 1400 554 1435 ex
577 1392 742 1439 veteri
778 1407 1028 1443 marmore
1061 1397 1197 1459 apud
1223 1396 1550 1461 onuphrium

486 1462 782 1516 Panuinum
806 1468 859 1516 in
884 1470 1068 1521 Fastis.
1101 1471 1283 1522 Basis:

602 1553 887 1594 neuim-ra
927 1560 983 1596 v1
1018 1560 1145 1597 11)th
1179 1562 1430 1600 novumn.

559 1630 710 1670 cons,
765 1633 846 1671 η.
900 1636 1112 1674 memo
1161 1633 1464 1676 ‘rumpono

937 1712 990 1752 v.
1023 1714 1073 1751 e.

483 1767 767 1833 Perperam
791 1770 951 1838 igitur
986 1769 1038 1824 in
1075 1778 1380 1828 membranis
1403 1780 1546 1829 Mau·-

481 1846 585 1918 lius
597 1857 829 1901 vocatur.
887 1852 1180 1905 Oiselianus
1217 1856 1411 1905 codex:
1460 1857 1544 1907 In-

478 1920 596 1985 cipit
623 1924 942 1991 Panegyncioe
976 1930 1135 1980 dictus
1172 1931 1407 1983 Theodoro
1435 1948 1541 1983 con·

483 1998 593 2048 suli.
639 2001 704 2050 D.
726 1999 909 2055 HeinS.

560 2076 995 2145 Eruditissimum‚
1050 2083 1541 2151 eloquentissimum,

478 2154 784 2219 tantumque
804 2170 904 2206 non
924 2158 1153 2210 divinum
1175 2161 1314 2212 hunc
1335 2163 1543 2227 librum,

476 2227 711 2280 humanae
733 2234 1002 2297 sapientiae
1025 2240 1271 2301 mysteria
1303 2256 1539 2305 magnam

475 2312 677 2367 partem
716 2307 1051 2375 indicantem,
1101 2313 1145 2363 si
1189 2329 1431 2367 enarrare
1472 2333 1539 2368 ex

475 2381 663 2430 merito
687 2383 832 2446 velis,
854 2385 1076 2438 Graeciae
1111 2390 1350 2457 Latiique
1383 2409 1541 2459 pene·

476 2456 633 2509 traua
648 2461 821 2512 omnia
853 2477 1065 2515 necesse
1086 2467 1188 2518 erit
1210 2475 1267 2518 ut
1289 2473 1537 2523 excutias.

463 2533 658 2587 Barth.

534 2616 568 2662 -1
621 2613 732 2676 Ipsa
770 2616 955 2679 quidem
995 2619 1147 2670 emus
1179 2624 1390 2686 pretium
1417 2626 1536 2692 sibi]

473 2687 685 2755 Quippe
706 2691 912 2744 virtutis
948 2700 1220 2765 possessio,
1241 2717 1438 2754 summa
1457 2703 1535 2755 fe-

471 2763 656 2818 licitas.
718 2770 962 2843 Felicitas
1016 2775 1250 2828 absoluta
1287 2795 1391 2829 non
1428 2789 1531 2847 est,

467 2839 570 2895 nisi
609 2857 724 2908 quae
757 2849 925 2898 omnia
956 2851 1010 2900 in
1050 2867 1108 2902 se
1146 2855 1318 2906 habet.
1374 2859 1529 2909 Unde

469 2912 623 2971 extra
645 2922 885 2974 virtutem
912 2926 1098 2978 bonum
1120 2932 1331 2984 nullum.
1374 2935 1529 2986 Unde

467 3002 648 3046 natum
681 2998 796 3060 hoc,
830 3001 994 3066 ipsam
1030 3006 1104 3053 sui
1139 3022 1252 3058 esse
1285 3012 1529 3072 pretium.

466 3069 666 3129 Seneca
686 3076 852 3142 Epist.
877 3091 1065 3131 mxxxi.
1088 3084 1102 3110 ‘
1127 3084 1391 3136 Virtutum
1425 3103 1530 3137 om-

464 3145 605 3198 nium
624 3151 846 3215 pretium
865 3155 915 3203 in
942 3157 1068 3219 ipsis
1091 3166 1188 3209 est.
1253 3161 1372 3211 Non
1391 3164 1528 3214 enim

463 3236 775 3278 exercentur
797 3229 862 3279 ad
883 3234 1185 3294 praemium:
1223 3246 1365 3289 recte
1401 3239 1529 3290 facti

460 3314 661 3353 merces
696 3311 776 3354 est
805 3305 1030 3358 fecisse.’
1084 3311 1284 3361 Eodem
1320 3323 1528 3379 spectat

459 3375 590 3427 illud
609 3379 820 3431 Plauti:
858 3383 874 3412 ‘
901 3384 1072 3436 omnia
1103 3387 1150 3435 ei
1179 3389 1367 3441 adsunt
1391 3391 1526 3445 bona

462 3452 631 3507 Quem
656 3472 816 3520 penes
835 3467 916 3510 est
940 3461 1139 3512 virtus?

476 3528 485 3609 ῥ’
526 3528 638 3596 lim
659 3534 879 3598 quidem,
914 3537 1024 3602 ξω]
1071 3541 1206 3592 Haec
1230 3542 1521 3610 Panegyris

457 3607 684 3659 recitata
713 3619 794 3661 est
833 3628 967 3663 anno
1006 3618 1121 3667 399.
1176 3619 1431 3686 Eutropio
1465 3629 1522 3674 et

443 3685 727 3737 'Theodoro
752 3689 894 3739 Coss.
929 3692 1022 3740 sed
1058 3695 1298 3761 Eutropii
1330 3715 1520 3750 nomen

457 3773 660 3810 erasum
693 3769 791 3825 est,
819 3764 963 3825 μόνον
989 3771 1225 3837 Θεοδώρου
1251 3776 1519 3841 γεγραμμέ·

454 3853 551 3887 νου.
584 3838 706 3888 Fuit
720 3847 893 3891 autem
913 3845 991 3893 vir
1013 3846 1098 3896 ille
1118 3849 1167 3898 in
1192 3846 1517 3918 philosophia

452 3912 675 3964 maxime
708 3923 959 3981 versatus,
980 3923 1138 3986 etqui
1159 3926 1516 3982 Geometriam

452 3995 509 4036 et
533 3986 896 4055 A‘stroiogiam,
932 4001 990 4044 nt
1021 3999 1096 4046 ait
1127 3998 1314 4065 Poe'ta,
1343 4009 1517 4058 colue-

450 4063 553 4125 rit;
610 4066 703 4116 sed
747 4068 902 4120 rebus
956 4076 1170 4137 agendis
1207 4080 1373 4132 minus
1410 4084 1516 4137 fuit

445 4138 686 4207 idoneus,
707 4151 764 4196 ut
782 4142 889 4197 fere
912 4148 989 4201 fit.
1036 4154 1221 4207 Claver.

517 4217 739 4269 &elium
759 4222 874 4287 sibi]
907 4226 1080 4278 Causa
1112 4233 1192 4282 sui
1228 4239 1512 4301 appetendi

447 4292 669 4366 ipsamet
688 4298 805 4365 sibi,
826 4302 966 4354 nullo
996 4305 1091 4357 sub
1113 4311 1345 4378 premio,
1367 4316 1513 4367 nulla

1631 1248 1851 1293 exterus
1870 1242 2257 1306 commoditate,
2271 1240 2446 1293 fructu
2465 1239 2567 1292 alio
2579 1239 2694 1292 nul·

1628 1320 1699 1369 lo.
1752 1319 1932 1372 Barca.

1692 1402 1723 1447 2
1757 1398 1983 1447 Fortuna
1998 1398 2184 1463 secura]
2225 1397 2289 1447 In
2312 1395 2533 1446 animum
2554 1396 2690 1448 enim

1625 1474 1820 1524 virtute
1844 1473 2185 1538 compositum
2218 1475 2409 1523 nullum
2442 1474 2532 1537 jus
2562 1473 2690 1522 For·

1625 1554 1779 1599 tuna».
1833 1548 1905 1598 Et
1949 1549 2023 1599 sic
2060 1550 2311 1599 Manlium
2347 1550 2483 1600 hunc
2519 1550 2688 1613 ipsum

1623 1625 1867 1674 Fortnnae
1897 1624 2203 1675 domitorem
2228 1632 2379 1676 vocat
2400 1627 2462 1680 B.
2487 1626 2690 1692 Augus·

1623 1703 1781 1755 tinus.
1860 1703 2160 1754 Ausonius:
2210 1705 2418 1757 ‘Judex
2461 1706 2570 1769 ipse
2610 1704 2688 1755 sui

1622 1785 1865 1850 totumtse
1889 1782 2131 1844 explorat
2167 1781 2233 1831 ad
2256 1796 2511 1846 unguem;
2548 1780 2686 1834 Quid

1619 1851 1895 1919 proceres,
1932 1857 2151 1923 vanique
2179 1856 2319 1909 ferat
2355 1857 2476 1926 quid
2511 1858 2686 1923 opinio

1620 1934 1777 1997 vulgi,
1795 1934 2053 1985 Securus.²

1686 2010 1912 2059 Fascibus
1939 2010 2071 2074 ullis]
2107 2012 2333 2062 Fastibus
2355 2011 2504 2061 multi
2525 2011 2687 2076 scrip·

1615 2086 1693 2137 ti:
1729 2085 1929 2135 dictum
1955 2086 2111 2137 alibiz
2154 2102 2252 2152 pro
2277 2089 2487 2151 vulgata
2510 2095 2685 2142 tamen

1617 2165 1881 2228 scriptura
1952 2171 2057 2215 stat
2125 2166 2317 2229 primns
2374 2166 2678 2215 Vaticanus.

1615 2243 1745 2292 Mox
1785 2244 1911 2293 viret
1956 2258 2053 2308 pro
2098 2244 2223 2293 nitet
2262 2244 2588 2294 Florentinus
2628 2244 2685 2293 S.

1614 2321 1816 2371 Marci:
1857 2329 2104 2382 venuste;
2135 2329 2194 2371 ut
2216 2321 2500 2372 indicamus
2521 2317 2615 2374 lib.
2639 2335 2679 2373 1.

1615 2396 1688 2448 de.
1721 2399 1874 2462 Rapt.
1912 2412 1984 2448 vs.
2024 2401 2137 2448 236.
2162 2404 2218 2462 et
2252 2402 2401 2447 tumet
2425 2412 2521 2462 pro
2555 2398 2679 2461 petit

1613 2475 1849 2540 sequenti
1870 2490 2023 2525 versu
2045 2475 2346 2525 Pricaeanus
2362 2492 2378 2525 ι
2402 2474 2556 2525 etiam
2575 2476 2681 2524 elc-

1611 2558 1813 2613 gauter.
1837 2552 1944 2604 vid.
1981 2551 2119 2603 bello
2158 2552 2299 2604 Gild.
2337 2567 2413 2602 vs·
2443 2556 2557 2605 330.
2605 2553 2677 2604 D.

1611 2628 1786 2678 Heius.

1675 2707 1903 2759 Fascibus
1939 2706 2075 2771 ullis]
2110 2708 2232 2758 Ullo
2272 2708 2481 2759 omnino
2515 2708 2676 2765 hono-

1610 2795 1721 2830 rum
1739 2797 1946 2846 genere.
2014 2782 2367 2835 Ambitionem
2398 2784 2564 2836 animo
2595 2801 2674 2836 sa·

1609 2858 1797 2922 pientis
1820 2859 2025 2909 omnino
2045 2860 2295 2912 excludit.
2341 2862 2520 2913 Barth.

1674 2938 1705 2989 3
1738 2935 1991 3000 Erigitur]
2025 2935 2090 2986 In
2113 2939 2478 3002 arrogantiam.
2545 2940 2675 2991 For-

1610 3015 1784 3062 tunam
1800 3020 1895 3075 aut·
1909 3027 2176 3064 successus
2191 3014 2280 3063 vix
2297 3014 2555 3080 optabiles
2571 3026 2683 3069 non

1610 3085 1803 3138 debere
1846 3090 2098 3140 extollere
2151 3091 2375 3142 animum
2418 3093 2672 3157 sapientis

1608 3163 1841 3214 sciscunt
1896 3165 2055 3227 docti.
2142 3166 2334 3229 Livius,
2386 3167 2477 3217 lib.
2534 3183 2669 3220 xxv.

1606 3241 1621 3266 ‘
1649 3239 1790 3289 Nihil
1812 3239 1866 3290 in
1901 3257 2209 3306 quemquam
2230 3243 2454 3307 superbe
2471 3259 2532 3295 ac
2566 3246 2673 3295 vio-

1607 3314 1779 3365 lenter
1800 3318 2069 3367 consulere
2093 3317 2267 3382 decet,
2295 3333 2391 3368 nee
2421 3321 2672 3385 praesenti

1606 3390 1822 3442 credere
1862 3394 2126 3455 Fortunae,
2167 3408 2282 3444 cum
2319 3394 2446 3460 quid
2479 3409 2667 3461 vesper

1605 3467 1762 3518 vehat
1798 3470 2049 3518 incertum
2088 3469 2174 3521 sit.
2241 3470 2295 3519 Is
2334 3469 2541 3520 demum
2587 3472 2670 3520 vir

1600 3544 1722 3607 erit,
1740 3544 1888 3608 cujus
1906 3546 2128 3595 animum
2146 3560 2244 3596 nec
2262 3560 2515 3610 prospera
2535 3545 2665 3597 flatu

1600 3636 1693 3670 suo
1716 3619 1922 3684 efferat,
1945 3637 2042 3671 nec
2072 3623 2289 3677 adversa
2308 3622 2600 3688 infringat!

1664 3698 1898 3751 Plausuce
1927 3699 2055 3762 petie
2085 3701 2339 3769 clarescere
2372 3696 2548 3765 vulga*
2587 3702 2664 3756 Ut

1596 3785 1734 3822 aurae
1779 3774 2038 3841 popularis
2082 3782 2398 3838 captatores.
2482 3777 2663 3830 Vanus

1596 3848 1794 3896 animus
1812 3864 1935 3897 aura
1949 3856 2131 3912 captus
2147 3848 2349 3914 frivola,
2370 3852 2511 3915 Vulgi
2527 3870 2661 3904 man·

1593 3924 1790 3988 cipiunt,
1804 3926 1940 3990 apud
1956 3926 2661 3991 Phaedrum‚Fab.1.xxxv1u.

1594 4000 1774 4050 Barth.

1655 4092 1688 4138 ⁴
1726 4089 1847 4155 Opis
1876 4094 2086 4138 externa·
2121 4092 2335 4158 cupiens]
2376 4093 2507 4142 Cum
2542 4110 2572 4144 o
2614 4096 2627 4109 ⁸

1592 4164 1689 4213 bus
1708 4165 1843 4215 enim
1856 4167 2189 4231 subsidiisque,
2206 4169 2347 4233 vulgi
2362 4112 2665 4237 Ῑᾶοίἰεζὲἴ
2693 4232 2697 4237 ,

1591 4255 1703 4289 rum
1749 4241 1931 4291 virtuti
1984 4246 2299 4308 commercii,
2353 4246 2451 4296 nisi
2490 4254 2550 4298 ut
2592 4249 2661 4302 iis

1590 4323 1773 4368 utatur
1792 4317 2007 4370 aliorum
2028 4321 2391 4377 emolumento.
2434 4325 2586 4380 Idem.
