2992 4925
435 369 608 441 1688

436 529 721 595 accipiunt,
755 525 898 577 nulla
926 522 1133 584 moenia,
1162 517 1391 571 deterior
1418 516 1495 565 in-

439 608 551 660 dies
570 608 633 658 fit
654 609 767 656 loco
785 605 983 664 alieno;
1017 599 1154 651 unde

719 378 940 436 1⁸01·AE
983 375 1386 432 vamoltnu
1431 372 1514 423 IN
1563 371 1680 421 ot..
1724 365 2002 418 GLAUD.
2049 358 2340 410 xxviii.

1634 510 1807 562 Animo
1825 500 2063 567 subjugat]
2095 494 2346 562 Polybius
2380 491 2438 545 id
2469 490 2634 547 etiam

1186 610 1284 647 nec
1312 594 1498 644 mirum
1571 587 1762 639 tradit:
1798 583 1990 633 nullam
2002 593 2114 628 esse
2127 574 2326 624 firmam
2339 569 2632 629 victoriam,

440 685 486 734 si
507 684 655 750 quasi
684 680 913 732 sedendo
951 675 1185 741 superari
1225 678 1401 738 queat,
1430 682 1500 718 ex
1571 663 1668 712 nisi
1692 661 1886 710 animos
1900 667 2106 722 quoque
2122 649 2344 702 hostium
2356 643 2631 709 dejecerit.
2662 688 2670 696 .

442 759 703 811 sententia
725 757 877 807 Livii.
915 756 1101 802 Cluver.

512 835 734 886 Conserfit
762 833 816 882 in
851 834 946 881 imo
984 831 1116 879 Colle
1153 822 1377 885 tremens]
1411 820 1503 871 Ait

445 911 584 963 enim
618 911 720 959 ima
745 908 964 958 latibula
999 904 1296 969 quaesivisse
1334 904 1505 948 tanta-

446 1002 559 1038 rum
580 984 732 1035 modo
755 984 1014 1048 copiarum
1036 981 1254 1042 Regem.
1286 973 1464 1025 Barth.

515 1063 736 1112 Consedit
748 1060 802 1109 in
814 1057 933 1120 imo]
955 1055 1149 1121 Seripti
1162 1052 1389 1117 plerique
1402 1064 1508 1098 con-

435 1140 577 1207 fidit.
615 1140 756 1201 Lege
776 1134 999 1194 considit,
1011 1130 1263 1196 quomodo
1289 1132 1512 1191 quatuor

446 1230 517 1266 ex
537 1214 744 1265 nostris.
806 1212 911 1261 Uno
933 1210 1088 1258 etiam
1126 1220 1219 1270 pro
1238 1205 1332 1254 imo
1354 1201 1513 1251 iidem

450 1290 632 1354 scripti
648 1302 763 1339 cum
775 1286 1315 1351 prim.Vatican.vere;
1325 1286 1515 1329 utrum-

453 1382 555 1432 que
572 1365 909 1415 Farnesianus
925 1361 1172 1426 agnoscit.
1211 1357 1368 1406 Libro
1381 1369 1442 1405 n.
1460 1354 1514 1402 in

454 1443 627 1495 Rufin.
663 1444 680 1472 ‘
701 1458 755 1492 se
779 1441 919 1504 cogit
938 1441 992 1488 in
1020 1452 1175 1487 unam
1199 1431 1515 1484 Planitiem.'

455 1533 533 1571 iv,
565 1521 720 1570 Cons.
762 1518 902 1567 Hon.
957 1516 1063 1564 ‘Et
1099 1525 1316 1578 quorum
1348 1507 1515 1558 turbae

456 1596 681 1659 spatium
704 1593 788 1643 vix
811 1590 1038 1656 praebuit
1058 1589 1214 1649 orbis,
1244 1587 1362 1636 Uno
1382 1583 1517 1633 colle

455 1671 656 1721 latent.’
674 1669 777 1719 Adi
796 1675 945 1717 notas
961 1666 1025 1715 ad
1045 1666 1132 1715 lib.
1150 1663 1276 1715 11.in
1300 1662 1517 1723 Eutrop.

458 1761 536 1795 vs.
579 1749 694 1795 285.
741 1743 1008 1804 Barthius,
1041 1741 1131 1806 qui
1178 1754 1272 1803 pro
1309 1738 1521 1799 vulgata

458 1821 717 1885 scriptura
740 1828 865 1884 stat,
887 1833 989 1868 non
1009 1825 1090 1868 est
1109 1814 1414 1866 audiendus.
1446 1812 1520 1862 D.

462 1899 637 1949 Heius.

524 1981 619 2027 241
658 1976 816 2026 Tetris
834 1974 974 2038 cibis]
1011 1973 1155 2025 Quos
1172 1966 1525 2019 abhorruisset

463 2051 600 2103 citra
622 2066 869 2101 summam
902 2048 1265 2099 necessitatem
1287 2042 1525 2109 quilibet.

528 2129 685 2190 Anni]
719 2126 950 2194 AEstatis.
1000 2127 1080 2174 Eo
1113 2124 1251 2172 enim
1293 2129 1527 2183 tempore

464 2218 576 2255 rem
602 2210 797 2266 gestam
827 2202 1016 2266 arguit,
1048 2200 1186 2264 quod
1214 2212 1372 2262 supra
1391 2194 1528 2244 dixit

464 2281 797 2331 Stilichonem
869 2278 1204 2327 contemsisse
1260 2273 1527 2336 pulverem

466 2356 740 2407 fervidum.
804 2356 1029 2404 Militem
1068 2355 1352 2402 Romanum
1381 2347 1528 2397 intel-

468 2432 591 2497 lige,
610 2431 946 2481 obsessorem.
982 2429 1159 2479 Barth.

534 2507 770 2571 Armaque
820 2506 1013 2569 vapore]
1086 2504 1346 2566 Amnisque
1397 2499 1530 2552 unus

469 2584 617 2634 Med.
638 2584 915 2632 Thuaneus
935 2590 992 2631 et
1014 2582 1160 2646 prim.
1180 2581 1353 2630 Vatic.
1372 2579 1534 2628 umis-

473 2675 591 2723 que:
643 2674 739 2709 sex
776 2659 867 2708 alii
903 2660 1170 2721 animique.-
1219 2656 1439 2718 Gyrald.
1478 2663 1533 2704 et

474 2734 837 2796 Farnesianus,
888 2733 1124 2796 animique
1169 2746 1341 2794 pavore
1360 2748 1381 2790 ,-
1433 2730 1531 2779 boe

475 2817 575 2875 est,
594 2811 745 2860 animi
768 2825 989 2873 angore:
1025 2809 1315 2873 perspicue.
1369 2806 1535 2855 Omni-

473 2902 564 2951 que
588 2883 1085 2936 Helmaestadiensis.
1119 2885 1250 2934 Mox
1269 2898 1363 2947 pro
1386 2881 1539 2931 morbi

473 2961 605 3013 tubes
640 2963 826 3013 tertius
861 2961 1034 3012 Vatic.
1070 2958 1247 3009 rabies.-
1278 2957 1536 3023 quomodo

473 3045 534 3089 et
555 3039 798 3102 Isingrini
834 3037 1000 3087 codex
1021 3043 1077 3087 et
1097 3051 1164 3086 ex
1185 3034 1378 3084 nostris
1394 3033 1539 3098 quin-

478 3128 580 3179 que
599 3113 702 3163 alii.
738 3114 813 3161 D.
833 3113 1005 3161 Heius.

542 3193 641 3239 244
677 3190 825 3237 Omne
854 3178 1083 3250 periclum
1116 3186 1273 3235 Docta
1289 3182 1447 3234 subire
1456 3182 1541 3243 fa·

477 3264 599 3327 mes]
633 3264 876 3313 Omnium
899 3261 1094 3326 quippe
1126 3260 1351 3324 pestium
1390 3258 1545 3321 pessi·

478 3354 582 3402 ma,
600 3337 827 3388 omnium
863 3337 1097 3386 dolorum
1134 3335 1284 3383 dolor
1319 3333 1543 3384 saevissi·

481 3429 615 3465 mus.
656 3414 827 3463 Barth.

544 3494 641 3540 245
675 3490 864 3540 Praedoe
895 3486 1070 3550 luctus]
1127 3485 1248 3535 Non
1285 3482 1544 3534 minimam

482 3566 728 3618 Romanis
750 3568 980 3628 cessisse,
1012 3563 1408 3615 indubitabilem
1444 3568 1546 3610 tes-

485 3644 976 3768 }ZteumPrudentium
1011 3657 1170 3705 supra
1193 3639 1545 3705 produximus.

551 3797 651 3864 245
682 3792 866 3855 Dictis]
899 3792 1058 3842 Dicta
1097 3798 1218 3841 sunt
1255 3790 1392 3840 salsa
1428 3802 1549 3837 con-

489 3867 634 3930 vitia,
688 3874 968 3916 scommata
1034 3869 1288 3929 acutiora,
1347 3864 1549 3927 injuriis

492 3943 746 4007 proxima.
782 3942 934 3991 Idem.

556 4020 653 4066 247
691 4017 890 4080 Campo]
925 4017 1104 4077 Marti,
1122 4030 1326 4079 pugnae.
1360 4016 1511 4065 Idem.

558 4097 656 4143 249
686 4094 861 4143 Animo
904 4108 1078 4155 quoqne
1115 4092 1331 4154 subjugat
1373 4091 1553 4154 hostes]

494 4171 570 4219 Ut
591 4183 703 4217 sese
727 4182 910 4231 nempe
934 4169 1072 4231 ipsos
1102 4181 1198 4230 pro
1231 4167 1380 4217 victis
1400 4166 1555 4222 habe·

500 4251 592 4295 ant
613 4250 1011 4310 agnoscuntque.
1041 4244 1196 4295 Idem.

1639 817 1737 863 250
1770 811 2005 872 Frequens
2022 803 2206 866 rurum]
2246 803 2527 864 Eleganter
2548 812 2639 847 aa·

1579 897 1686 941 tem
1708 888 1934 937 dictum:
1968 882 2071 933 etsi
2086 881 2221 931 enim
2245 892 2363 927 raro
2399 874 2523 941 quid
2546 872 2639 922 de-

1581 967 1834 1025 trabatur,
1869 964 2037 1026 ipsum
2073 966 2246 1008 tamen
2282 954 2440 1004 robur
2474 949 2643 1001 immi·
2673 982 2684 993 .

1579 1043 1696 1093 nuit
1715 1038 2003 1105 frequentia
2016 1031 2371 1085 detractionis.
2402 1029 2642 1090 Decerpe-
2673 1060 2682 1071 .

1580 1137 1652 1179 re,
1674 1118 1995 1170 clandestino
2017 1114 2172 1164 etiam
2208 1114 2406 1174 gestam
2434 1112 2545 1155 rem
2563 1104 2647 1152 in·

1587 1198 1749 1256 dicat,
1802 1191 2056 1257 quomodo
2107 1199 2349 1236 numerus
2411 1176 2647 1230 imminui
2675 1228 2682 1233 ,

1587 1272 1797 1331 dicitur,
1816 1267 2078 1331 decerptis
2102 1263 2232 1314 aliis.
2264 1257 2443 1309 Barth.

1652 1353 1750 1398 252
1788 1348 1888 1399 Nec
1912 1345 2021 1405 jam
2059 1336 2262 1399 deditio]
2301 1330 2489 1384 Sedato
2532 1333 2648 1392 opt.

1590 1422 1771 1472 Ambr.
1794 1427 1849 1471 et
1885 1427 1992 1468 tres
2028 1415 2148 1475 alii,
2183 1412 2331 1461 bene.
2397 1406 2529 1455 Mox
2550 1418 2649 1467 pro

1588 1499 1841 1558 discedere,
1880 1494 2150 1545 descendere
2192 1483 2469 1536 duodecim
2511 1479 2650 1530 libri.

1594 1571 1950 1638 Conjiciebam
1949 1569 2062 1632 jam
2076 1564 2196 1614 olim
2210 1560 2490 1611 desciscere.-
2512 1553 2652 1620 quod

1592 1626 1702 1714 opi·
1727 1646 2101 1709 Ambrosianus
2139 1638 2409 1690 confirmat
2430 1651 2445 1682 ε
2477 1640 2540 1687 nt
2576 1630 2655 1679 in·

1594 1725 1692 1789 fra,
1722 1720 1874 1790 ‘qi'sae
1909 1727 2093 1785 sponte
2132 1714 2331 1765 relictis
2369 1708 2656 1760 Descivere

1594 1801 1757 1853 favis!
1783 1796 2252 1853 Palatdiscernere:
2274 1782 2655 1848 Rotteudorph.

1596 1883 1874 1931 decrescere.
1905 1878 1979 1926 D.
2002 1873 2185 1924 Heius.

1662 1959 1760 2005 253
1793 1953 2048 2003 Discedere
2067 1945 2260 2008 turmoe]
2293 1945 2359 1994 In
2373 1940 2554 1991 nostro
2574 1941 2659 1987 est

1596 2031 1892 2081 descendere.
1958 2027 2162 2087 Nempe
2185 2023 2307 2087 quia
2336 2019 2390 2068 in
2414 2017 2547 2066 colle
2568 2014 2690 2075 ob·-v

1601 2121 1795 2156 sessum
1837 2102 2103 2154 Alaricum
2143 2111 2303 2163 supra
2342 2090 2664 2144 memoravit.

1668 2265 1764 2310 255
1799 2259 1924 2308 Mox
1959 2255 2151 2307 numiam
2182 2250 2403 2316 supplex]
2460 2245 2667 2298 Nomina

1604 2335 1835 2401 potiores
1857 2346 2010 2381 manu
2043 2328 2276 2388 exarati;
2311 2325 2505 2393 probe:
2540 2320 2672 2370 nibil

1605 2411 1739 2459 enim
1763 2408 1922 2473 magis
1945 2406 2013 2456 ad
2042 2401 2391 2455 conciliandos
2414 2398 2513 2448 sibi
2540 2395 2674 2449 mili-

1606 2495 1718 2538 tum
1740 2487 1932 2536 animos
1954 2482 2130 2533 facere
2160 2484 2339 2544 potest
2370 2477 2677 2539 imperator,

1607 2579 1760 2630 quam
1774 2565 1817 2611 si
1835 2561 2038 2611 nomine
2055 2573 2143 2609 eos
2162 2553 2440 2618 compellet
2452 2567 2468 2599 z
2500 2549 2678 2599 liben-

1607 2643 1661 2691 in
1685 2639 1859 2690 Rufiu.
1892 2643 1908 2667 ⁴
1928 2636 2151 2687 Nomine
2188 2643 2445 2698 quemque
2481 2638 2675 2678 vocans

1609 2724 1862 2790 natosque
1897 2720 2177 2779 patresque
2200 2706 2419 2758 reversIs
2442 2702 2685 2755 Nunciat

1611 2794 1891 2844 incolumes
1911 2791 1943 2841 ε’
1978 2788 2117 2855 quod
2151 2785 2493 2849 Virgilianum
2514 2779 2679 2829 hemi-

1609 2869 1848 2920 stichium
1885 2865 2086 2915 AEneid.
2122 2877 2207 2916 xl.
2238 2863 2255 2890 ‘
2274 2860 2424 2910 variis
2454 2856 2681 2919 instigat

1610 2943 1821 2994 vocibus
1857 2942 1963 2990 alas
2014 2938 2547 3000 Nomine.quemque
2583 2943 2679 2979 vo-

1612 3034 1737 3070 cans
1759 3018 1791 3069 ι’
1826 3025 1881 3067 et
1919 3015 2164 3066 AEneidos
2188 3026 2289 3063 ιιι.
2318 3013 2335 3039 ⁴
2354 3008 2576 3060 Rutulos
2609 3005 2680 3055 si-

1610 3099 1718 3148 mul
1753 3099 1993 3161 increpat
2024 3106 2201 3143 omnes
2235 3089 2463 3141 Nomine
2502 3098 2684 3151 qnem-

1614 3189 1717 3241 que
1740 3187 1951 3234 vocans,
1986 3176 2270 3231 notumque
2306 3162 2564 3226 efflagitat
2594 3172 2696 3207 en·

1615 3250 1757 3301 sem.'
1825 3248 1941 3299 Lib.
1965 3260 2029 3296 n.
2054 3245 2120 3294 de
2136 3243 2338 3294 Stilich.
2370 3240 2388 3268 ⁴
2405 3245 2464 3288 et
2477 3235 2689 3288 nomine

1618 3340 1872 3391 quemque
1916 3321 2232 3385 Compellas,
2288 3314 2434 3377 clari,
2491 3311 2585 3361 sub
2630 3315 2694 3359 te

1618 3402 1759 3468 quod
1780 3400 1997 3464 gesserit
2013 3399 2151 3459 olim,
2169 3394 2507 3446 Admonitum
2521 3384 2695 3439 facti!

1619 3483 1737 3534 Val.
1759 3482 2001 3541 Flaccus,
2017 3478 2107 3527 lib.
2125 3490 2203 3526 ιν.
2227 3478 2242 3504 ‘
2264 3475 2545 3531 Hortatur,
2567 3482 2697 3532 sup·

1623 3562 1849 3624 plexque
1871 3571 2052 3607 manus
2069 3552 2296 3606 intendit
2311 3550 2489 3610 Iason,
2507 3544 2698 3598 Nomi-

1623 3651 1690 3685 ne
1714 3649 1971 3700 quemque
1992 3629 2268 3697 premens.’
2334 3626 2512 3685 Silius,
2533 3621 2629 3671 lib.
2652 3633 2698 3669 1.

1623 3714 1640 3740 ‘
1665 3710 1997 3761 Monstrabat
2031 3705 2338 3756 furibundus
2376 3702 2497 3761 iter,
2534 3710 2699 3748 cunc-

1626 3795 1811 3851 tosque
1833 3784 2007 3835 ciebat
2028 3778 2291 3839 Nomine!
2325 3779 2397 3827 D.
2420 3774 2597 3824 Heius.

1690 3867 1787 3912 257
1819 3862 2051 3922 Jugulum
2081 3854 2379 3921 parcentibus
2413 3846 2582 3914 offert]
2614 3844 2697 3898 Ut

1629 3938 1763 3986 solet
1786 3944 2021 3985 extremo
2047 3931 2339 3982 discrimine
2361 3925 2491 3976 fieri.
2549 3919 2691 3972 Arti-

1626 4012 1802 4061 ficioso
1847 4007 2095 4058 sermonis
2138 4006 2289 4055 initio
2335 3993 2693 4058 balbutientis,

1628 4088 1868 4136 nimirum
1890 4086 2052 4133 instar
2076 4080 2303 4131 attoniti.
2335 4076 2517 4127 Barth.
2563 4137 2568 4140 ,

1693 4168 1792 4214 258
1822 4151 2430 4227 Defixoquemulisunimo]
2453 4146 2686 4206 Attoniti)

1628 4241 1793 4304 velut,
1808 4252 1906 4290 nec
1926 4251 1981 4287 se
1997 4234 2230 4287 moventi
2250 4230 2397 4283 satis.
