2992 4925
573 426 656 477 m
700 422 1236 480 ιιιιωοτειιοιο
1284 422 1540 475 num.
1585 420 2225 473 Assnnvmomm.
2312 402 2490 473 lm

281 563 459 660 legio
509 574 987 646 Gmhamensi
1034 572 1220 659 apud
1268 572 1751 642 londinenses.
1836 571 1966 638 Isti
2009 571 2316 651 Godicoe,
2366 587 2493 638 nu-

284 695 473 746 mero
501 697 710 761 quam
738 676 1030 763 plurimi,
1074 696 1363 760 quorum
1404 674 1597 742 multi
1642 675 1921 759 pretiosi
1962 679 2029 740 et
2065 675 2365 754 classici,
2398 677 2490 741 ab

285 780 423 852 hoo
470 779 736 848 cimeh'o
763 780 968 862 longo
1002 780 1151 866 jm
1189 787 1511 863 tempore,
1540 784 1617 844 ut
1658 775 1807 862 jam
1835 777 2199 843 indicatum
2225 782 2349 857 est,
2393 798 2495 843 se·

278 882 522 967 Μ,
550 883 745 952 libais
772 886 1030 952 tantum
1071 883 1427 968 impressis
1471 880 1722 947 ibidem
1761 880 2150 961 resenvatisu
2200 880 2271 946 in
2299 878 2494 945 Mus-

285 1004 374 1052 eo
406 985 805 1054 Britannico
855 1004 1032 1056 nunc
1059 990 1322 1054 restant
1341 988 1381 1049 τ’·
1424 990 1498 1050 et
1523 983 1807 1050 eundem
1834 983 1907 1048 in
1954 1002 2080 1052 sno
2129 984 2286 1050 loco
2330 981 2496 1050 inter
2585 980 2599 990 '

286 1084 514 1154 Musei
542 1087 915 1154 Britannici
947 1086 1241 1156 Codices
1270 1105 1479 1171 supra
1506 1085 2006 1171 descripsimus.

1055 1296 1266 1363 Codex
1304 1298 1737 1385 Vigoenienoe'a.

300 1535 307 1544 ,
372 1463 800 1534 Bibliotheca
827 1464 1153 1536 Ecclesiae
1201 1463 1626 1532 cathedralis
1655 1465 1837 1552 apud
1862 1463 2334 1550 vigornienses
2365 1463 2500 1532 Go-

286 1557 510 1646 dice'm
539 1563 887 1654 antiquum
914 1574 1117 1647 tenet,
1144 1568 1286 1654 qui,
1316 1589 1466 1642 cum
1514 1568 1689 1648 aliis,
1736 1569 1950 1633 multa
1986 1569 2273 1633 classica
2315 1587 2499 1635 com-

288 1654 623 1754 plectitur,
652 1671 826 1736 inter
864 1690 1020 1758 quae
1052 1671 1409 1741 Claudiani
1456 1690 1736 1738 carmen
1779 1669 2133 1737 memorari
2174 1670 2373 1737 debet
2415 1670 2500 1740 de

287 1765 524 1856 Raptu
557 1767 1011 1860 Proserpinae,
1040 1779 1111 1840 et
1131 1780 1490 1860 propterea
1532 1774 1641 1839 hic
1687 1773 1822 1839 loci
1871 1774 2118 1840 iterum
2161 1771 2498 1840 notandus

287 1879 394 1941 est
418 1874 639 1942 codex
664 1896 687 1958 ;
728 1875 986 1964 quippe
1015 1876 1298 1946 eundem
1327 1876 1615 1944 antehac
1639 1874 2104 1944 indicavimus,

290 2364 311 2378 ⁴
378 2367 733 2436 Hactenus
764 2370 849 2438 de
887 2369 1240 2440 Claudiani
1269 2369 1640 2437 Codicibus
1668 2369 1737 2436 in
1767 2370 2205 2439 Bibliothecis
2235 2373 2502 2442 Britan-

284 2472 505 2540 nicis:
570 2473 856 2538 lectores
907 2480 1129 2540 autem
1176 2493 1445 2540 oramus
1473 2474 1545 2537 in
1591 2475 1910 2541 memoria
1947 2481 2169 2542 tenere
2197 2476 2406 2563 quod,
2429 2478 2501 2543 ni

291 2568 605 2654 fallimur,
656 2595 772 2640 eos
792 2577 939 2662 jam
969 2578 1130 2645 olim
1173 2579 1712 2655 submonuimu3‚
1738 2598 1977 2662 nempe
2003 2580 2504 2661 observationes

295 2696 459 2762 quae
496 2679 816 2763 praesenti
844 2678 956 2742 vel
1007 2679 1145 2744 alio
1199 2685 1500 2764 tempore
1545 2679 1631 2744 de
1681 2678 2050 2745 Codicibus
2098 2680 2504 2747 Britannicis

291 2779 784 2863 inquirentibus
802 2781 1050 2845 oblatae
1082 2787 1256 2861 sunt,
1298 2783 1595 2866 publicis
1624 2787 1878 2846 tantum
1906 2782 2197 2847 librariis
2225 2802 2377 2848 esse
2404 2803 2507 2848 re-

272 2879 625 2946 ferendas,
695 2879 970 2968 Quippe
997 2883 1312 2968 publicae,
1340 2889 1413 2948 ut
1441 2902 1598 2968 quae
1616 2884 1792 2949 bono
1819 2884 2094 2966 publico
2122 2884 2504 2962 destinatae,

291 2980 640 3061 doctorum
666 2985 846 3063 usui,
877 2989 950 3055 ut
972 3005 1145 3070 opus
1172 2986 1286 3064 sit,
1317 2992 1383 3051 et
1427 2985 1566 3051 loci
1604 2986 1714 3051 vel
1758 2986 2079 3069 temporis
2118 2987 2507 3069 opportuni-

290 3089 468 3151 tates
497 3105 577 3150 se
601 3088 973 3170 praebeant,
1021 3092 1178 3151 sunt
1224 3085 1840 3152 accommodandae.
1932 3086 2234 3153 Privatae
2260 3087 2507 3171 privati

295 3192 451 3252 sunt
466 3188 672 3272 juris3
716 3192 844 3253 non
861 3188 1269 3272 quibuslibet
1287 3186 1625 3255 literarum
1645 3185 2016 3272 privilegiis
2035 3187 2504 3273 subjiciendae,

291 3309 420 3365 nec
449 3288 539 3357 ad
565 3290 827 3357 libitum
858 3290 1206 3371 adeundae,
1239 3296 1361 3367 aut
1407 3297 1648 3359 temere
1706 3290 2159 3357 consulendae.
2248 3290 2324 3355 Si
2355 3291 2511 3374 quis

297 3391 507 3475 igitur
533 3391 776 3459 doctus
805 3394 973 3458 tales
1004 3394 1115 3460 vel
1147 3394 1425 3478 legendo
1468 3394 1639 3458 norit
1681 3394 1791 3458 vel
1831 3394 1983 3477 ipse
2032 3392 2398 3476 possideat,
2423 3411 2511 3457 ne

292 3512 448 3574 noS,
477 3494 751 3574 tatibus»,
783 3515 1022 3581 nempe
1049 3498 1363 3582 privatiS,
1389 3498 1514 3564 sub
1543 3497 1808 3562 silentio
1839 3496 2213 3583 praeteritiS‚
2246 3495 2513 3560 incuset

292 3601 418 3663 aut
445 3597 858 3680 negligentiae
889 3597 1003 3665 vel
1027 3599 1434 3682 ignorantiae.
1524 3597 1698 3677 Quae
1725 3618 1862 3662 non
1905 3599 2114 3663 nostri
2156 3597 2248 3661 sit
2291 3595 2510 3661 inves-

286 3697 526 3783 tigare,
553 3718 686 3765 nen
712 3701 934 3785 culpae
983 3707 1087 3766 est
1127 3701 1448 3786 ignorare,
1478 3706 1545 3766 et
1591 3703 1660 3766 in
1707 3702 1794 3764 iis
1835 3697 2332 3784 perscrutandis
2353 3716 2510 3780 quae

296 3792 530 3886 forsan
579 3802 860 3867 inveniri
921 3823 1054 3868 non
1101 3811 1409 3888 possunt,
1482 3802 1922 3885 imprudentis
1983 3802 2159 3867 foret
2217 3800 2513 3879 animum

248 3892 252 3899 ’
290 3899 499 3969 nimis
520 3893 898 3971 ‘solicitata
990 3905 1131 3971 His
1152 3925 1312 3970 vero
1339 3905 1566 3984 dictis,
1597 3903 1692 3969 nil
1737 3905 2068 3987 prohibet,
2096 3902 2346 3987 siquid
2369 3921 2514 3968 mo·

291 4004 509 4069 menti
537 4006 647 4085 vel
676 4007 1030 4086 ctu-iosiuS,
1053 4008 1259 4072 etiam
1282 4007 1532 4091 privati
1574 4007 1774 4091 juris,
1797 4007 2191 4073 liberalitate
2216 4007 2515 4072 virorum

295 4104 662 4174 doctorum
689 4109 1036 4195 inopinato
1063 4129 1138 4174 se
1168 4109 1362 4174 nobis
1387 4098 1641 4192 offerat,
1673 4112 2035 4201 quominus
2074 4131 2226 4179 cum
2249 4106 2515 4177 lectorie

294 4207 436 4277 bns
462 4209 712 4277 nostris
738 4231 880 4278 rem
906 4210 1501 4280 communicemus·
