2992 4925
482 362 656 433 163⁰
767 379 985 431 Nom
1035 376 1437 428 vammum
1480 376 1590 425 nr
1611 376 1729 425 οι.
1774 374 2051 424 onam).
2091 368 2397 420 xxxm.

484 525 619 590 tingi
643 524 902 576 Oralieet
923 521 1204 588 lacrymis?
1236 522 1415 571 Barth.

546 605 610 650 51
646 599 909 649 Admovere
929 597 1112 661 mnus]
1146 598 1539 661 Supplieautum

479 691 592 726 mos
614 690 780 740 genua
804 676 1122 736 contingere.
1187 674 1323 723 Pliu.
1348 674 1436 723 lib.
1460 687 1539 725 xr.

482 769 600 817 cap.
626 759 706 803 4⁵.
725 753 861 817 quod
878 752 1052 801 multis
1074 751 1202 800 locis
1220 751 1540 815 'I'iraquellus

482 829 538 878 iu
581 827 930 879 Alexandrum
977 826 1149 876 docet.
1218 826 1353 876 Vide
1396 828 1537 875 Suet.

481 903 660 955 Tiber.
680 920 792 968 cap.
815 909 896 954 24.
918 904 1099 954 Claud.
1120 908 1201 954 44.
1224 904 1361 968 quod
1384 918 1538 969 quam

484 982 556 1035 sit
577 983 840 1047 antiquum
865 997 931 1031 ex
953 982 1183 1031 Homero
1200 987 1367 1045 patet,
1387 981 1542 1031 Iliad.

488 1072 533 1109 1.
551 1063 647 1110 «107
652 1093 665 1109 .
682 1058 835 1108 Iliad.
852 1072 930 1108 vr.
945 1059 1109 1122 princ.
1142 1058 1296 1107 Ratio
1310 1058 1544 1121 pulcher·

482 1134 614 1184 rima
634 1140 717 1183 est
737 1133 874 1197 apud
897 1132 1170 1195 Isidorum,
1194 1134 1280 1183 lib.
1300 1147 1380 1183 xl.
1402 1131 1540 1199 quod

476 1213 500 1241 ⁴
521 1212 588 1262 ad
631 1225 800 1275 genua
855 1209 1108 1275 prostrati
1161 1210 1540 1274 lachrymantes

480 1294 686 1339 uterum
720 1294 1008 1337 maternum
1051 1287 1219 1336 animo
1262 1292 1538 1350 repnteut3

480 1379 601 1414 nam
622 1365 675 1413 iu
695 1364 901 1413 homine
911 1361 1183 1412 formando
1205 1377 1372 1426 genua
1395 1362 1541 1426 genis

480 1439 719 1490 lia-rent!

550 1517 763 1573 Οιιαπιιιι
801 1514 886 1564 sub
917 1514 1032 1576 jure
1070 1519 1289 1564 tenentur
1345 1514 1542 1578 Omnia]

478 1591 609 1657 Ipse
631 1592 788 1641 etiam
807 1591 1036 1655 Jupiter.
1069 1592 1250 1641 Barth.

546 1671 611 1717 52
652 1667 877 1716 Fatorum
911 1666 1084 1730 pollice
1123 1663 1322 1728 damni]
1378 1665 1545 1716 Fatela·

480 1743 702 1808 Gyrald.
724 1749 783 1793 et
805 1757 923 1793 mox
951 1757 1046 1807 pro
1080 1743 1241 1806 pensis
1261 1744 1454 1794 Moret.
1486 1750 1545 1794 et

482 1821 678 1885 primns
698 1819 884 1869 Petav.
907 1833 1025 1868 cum
1061 1832 1162 1869 uno
1194 1818 1545 1880 Vatie.fasis‚·

482 1904 544 1951 ut
566 1897 704 1963 apud
726 1898 874 1961 Virg.
909 1898 975 1947 de
999 1898 1208 1948 Parcis:
1242 1898 1258 1925 ‘
1274 1898 1423 1947 Talia
1445 1913 1541 1948 εω-

483 1974 565 2026 ela
606 1976 713 2025 suis
756 1974 1001 2024 dixerunt
1024 1973 1234 2024 *currite
1274 1972 1435 2024 fusis!
1471 1974 1541 2024 D.

482 2050 658 2102 Heius.

546 2134 610 2179 58
644 2127 886 2192 Feri-atis]
919 2127 1004 2178 Ob
1021 2128 1385 2178 necessitatem
1404 2126 1541 2178 fato-

481 2221 613 2259 rum.
676 2205 878 2257 Aurata
899 2213 1068 2256 autem
1090 2219 1257 2269 pensa-
1273 2203 1430 2254 rebus
1454 2204 1541 2254 lae-

480 2283 710 2334 tioribus.
742 2284 922 2349 Barth.

547 2365 609 2409 65
646 2359 837 2422 Noctis]
866 2357 1432 2421 Tenebrarum,uoetis,
1453 2357 1540 2407 In·

480 2432 720 2485 ferorum.
783 2434 1050 2499 Virgilius,
1075 2430 1168 2483 lib.
1190 2447 1246 2484 x.
1278 2435 1295 2464 ⁴
1312 2434 1366 2483 in
1389 2439 1539 2484 aeter-

481 2526 601 2561 nam
622 2512 933 2562 clauduntur
948 2512 1138 2560 lumina
1156 2509 1396 2561 noctem?

549 2590 720 2640 Noctis
737 2589 940 2654 arbiter]
972 2590 1152 2641 Pluto.
1185 2588 1363 2639 Barth.

543 2670 608 2716 57
643 2666 813 2716 Finem
848 2666 1028 2715 cunctis
1057 2671 1106 2715 et
1134 2666 1313 2715 semina
1328 2664 1538 2729 praebes]

479 2741 563 2793 Ex
597 2742 836 2792 doctrina
864 2741 1127 2792 veterrimi
1161 2742 1295 2791 illius
1333 2742 1539 2805 Musaei,

480 2819 570 2885 qui
605 2819 843 2883 princeps
882 2819 1038 2869 scivit
1075 2818 1139 2867 ab
1161 2818 1342 2867 eodem
1365 2819 1538 2868 omnia

479 2895 758 2961 proficisci,
778 2902 835 2945 et
869 2896 924 2945 in
962 2895 1099 2945 idem
1136 2895 1306 2945 omnia
1331 2896 1534 2947 resolvi.

478 2971 627 3021 Idem.

541 3052 606 3097 58
642 3047 967 3111 Nascendique
997 3046 1143 3110 vices]
1172 3046 1309 3097 Vide
1343 3048 1534 3097 Luere-

476 3123 626 3184 tinm,
648 3124 737 3173 lib.
770 3138 808 3174 1.
848 3129 905 3172 et
926 3136 1015 3173 111.
1052 3122 1320 3173 Aristotel.
1356 3122 1446 3174 lib.
1467 3123 1534 3173 de

476 3197 616 3247 Ortu
633 3205 688 3247 et
705 3198 943 3249 Interitu.
977 3199 1123 3248 Idem.

541 3277 606 3321 59
641 3273 738 3334 Qui
756 3273 906 3323 vitem
928 3274 1190 3337 lethumque
1209 3275 1361 3339 regis]
1399 3274 1534 3325 Seris

475 3347 670 3412 primus
706 3348 889 3399 Petav.
925 3349 1209 3412 eleganter.
1262 3350 1419 3399 Statii
1457 3351 1534 3398 sni

475 3413 566 3473 illa
583 3423 672 3474 lib.
711 3437 838 3473 vm.
878 3425 1124 3488 respexit,
1159 3426 1176 3456 ⁴
1203 3425 1332 3473 Fata
1352 3432 1536 3476 serunt

475 3501 693 3565 animas,
730 3509 787 3552 et
825 3501 1007 3551 eodem
1033 3502 1218 3567 pollice
1240 3501 1486 3552 damnant
1502 3503 1534 3552 ε’

474 3584 532 3629 et
550 3594 670 3629 mox
706 3580 814 3638 illa,
849 3578 936 3627 ubi
974 3577 1327 3642 Amphiaraus·
1348 3579 1414 3626 ad
1440 3578 1533 3627 Di-

475 3660 605 3705 tem:
627 3657 644 3684 ‘
656 3670 687 3705 o
701 3656 903 3704 cunctis
918 3655 1093 3704 finitor
1109 3656 1328 3705 maxime
1345 3670 1535 3720 rerum,

474 3729 549 3782 At
568 3731 710 3793 mihi,
725 3732 810 3796 qui
831 3732 1085 3796 quondam
1106 3747 1286 3782 causas
1308 3734 1533 3781 elemen-

470 3814 628 3873 taque
645 3823 851 3871 noram,-
870 3813 934 3859 Et
950 3810 1125 3861 sator?
1171 3789 1340 3861 janus
1353 3825 1383 3858 a
1402 3809 1533 3873 Sep·

471 3883 618 3933 timio
662 3885 795 3947 apud
840 3885 1201 3936 Terentianum
1245 3886 1312 3935 de
1351 3886 1534 3935 metris

474 3961 491 3988 ‘
504 3966 653 4010 catus
669 3969 839 4009 rerum
853 3962 1025 4012 sator.’
1059 3965 1074 3989 ‘
1095 3963 1370 4011 Hominum
1387 3970 1531 4012 sator

471 4042 635 4101 atque„
668 4036 906 4086 deorum'
946 4038 1157 4100 Jupiter
1190 4038 1429 4101 Virgilio,
1473 4043 1530 4087 et

1615 519 1821 570 taleetis
1842 518 2057 570 Pithoni.
2087 512 2373 580 Aruobias,
2407 513 2546 565 libro·
2578 515 2686 579 prf-

1616 611 1720 658 mo,
1742 595 1810 644 de
1831 595 1948 644 Deo
1971 612 1985 644 2
2018 596 2034 623 ‘
2053 595 2175 657 lp'se
2204 598 2290 643 est
2309 591 2443 641 enim
2464 590 2582 641 fons
2603 606 2685 641 re·

1617 686 1750 732 rum,
1772 679 1917 720 sator
1938 671 2239 719 seculorum
2271 684 2332 719 ae
2355 666 2688 732 temporum?

1616 750 1780 800 Paulo
1804 757 1920 812 post
1934 751 2142 812 certique
2161 750 2352 797 malim.
2382 748 2450 797 D.
2476 746 2672 796 Heius.-

1679 831 1746 876 60
1781 826 1960 887 (ι’ὶςπίί
1980 825 2224 887 materies]
2253 821 2380 882 ’Υλη
2400 823 2507 884 illa,
2526 837 2683 887 quatu

1616 918 1877 968 nunquam
1892 901 2234 964 deficientem,
2244 915 2524 965 sequaevam
2537 914 2681 951 mnu-

1618 978 1685 1028 do
1708 978 2038 1029 commentati
2060 984 2197 1026 sunt.
2241 976 2419 1025 Barth.
2659 988 2666 997 “

1680 1058 1743 1103 61
1781 1054 1940 1103 Certis
1959 1052 2234 1114 ambagibus
2253 1051 2368 1114 oevi]
2417 1050 2572 1099 Mille
2594 1063 2679 1098 au-

1617 1143 1708 1179 uos
1729 1127 1915 1179 definit
1937 1128 2183 1179 Claudius
2214 1133 2395 1178 noster
2424 1127 2516 1179 lib.
2538 1140 2602 1175 11.
2626 1127 2680 1176 in

1618 1205 1884 1268 Rufinum‚'
1903 1212 2113 1256 secutus
2142 1204 2439 1269 Virgilium.
2505 1204 2681 1253 Ambe·

1613 1297 1700 1345 ges
1719 1288 1839 1332 sunt
1860 1283 1937 1332 illi
1956 1282 2126 1332 abitus
2144 1281 2443 1347 reditusque
2463 1281 2518 1330 in
2541 1281 2679 1331 idem

1616 1360 1907 1411 venientes.
1940 1360 2093 1409 Idem.

1681 1440 1747 1485 62
1779 1435 1968 1487 Anime
1988 1439 2237 1484 mutatur
2270 1434 2323 1507 ῦς
2350 1430 2512 1496 artas]
2546 1433 2679 1484 Haec

1615 1527 1742 1562 vera
1782 1511 1961 1574 lectio,
1998 1527 2152 1576 quam
2196 1511 2377 1574 primae
2421 1508 2680 1560 editiones

1617 1594 1905 1653 agnoscunt
1940 1594 1998 1637 et
2020 1586 2487 1649 meliores-scripti.
2534 1587 2680 1637 Male

1618 1681 1682 1717 ex
1701 1680 1792 1716 suo
1814 1663 1949 1714 libro
1971 1664 2238 1714 Cluverius
2256 1663 2515 1712 miuuntur
2530 1664 2585 1714 in
2601 1679 2678 1712 or-

1616 1748 1710 1793 tus.
1755 1742 2129 1808 Μσεμψύχωσιν
2160 1743 2562 1808 Pythagoricum
2601 1755 2679 1791 re·

1617 1822 1810 1885 spexit,
1831 1822 2053 1871 Statium
2076 1836 2220 1871 suum
2240 1821 2412 1870 denuo
2427 1820 2686 1883 imitatus,

1617 1897 1707 1963 qui
1725 1897 1885 1949 Theb.
1923 1911 2022 1948 vn.
2053 1897 2069 1924 ‘
2087 1897 2331 1962 pigetque
2350 1896 2450 1945 Tot
2470 1901 2679 1946 mutare

1615 1977 1828 2037 animas,
1872 1981 1954 2026 tot
1997 1976 2218 2025 reddere
2258 1989 2482 2039 corpora
2518 1973 2677 2027 vitas?

1616 2053 1935 2117 Pythagoras
1959 2053 2070 2117 ipse
2094 2051 2232 2116 apud
2271 2050 2543 2115 Ovidium,
2561 2053 2679 2101 Me·

1615 2133 1738 2180 tam.
1761 2134 1856 2179 ῐν.
1890 2130 1907 2159 ⁴
1924 2129 2117 2180 Omnia
2136 2134 2421 2191 mutantur,
2453 2128 2583 2178 nihil
2605 2129 2680 2177 in·

1615 2205 1772 2257 terit.²
1832 2205 2032 2255 Animas
2073 2210 2130 2255 et
2166 2210 2304 2254 artus
2334 2205 2490 2255 Maro
2516 2206 2678 2256 etiam

1615 2281 1885 2346 conjunxit
1900 2280 2146 2332 AEueidos
2169 2286 2389 2347 quarto:
2422 2283 2440 2311 ‘
2461 2283 2534 2331 Et
2554 2294 2676 2333 cum

1612 2354 1804 2421 frigida
1832 2371 1969 2407 mors
2001 2358 2169 2407 anima
2205 2357 2472 2408 seduxerit
2494 2357 2688 2408 artus?

1613 2434 1743 2485 Mox
1781 2434 2007 2485 ibidem:
2037 2434 2054 2462 ⁴
2074 2435 2207 2486 Quae
2248 2436 2532 2486 luctantem
2572 2435 2680 2485 aui-

1613 2526 1747 2561 mam
1770 2525 2031 2578 nexosque
2071 2512 2358 2562 resolveret
2389 2511 2576 2562 artus!
2605 2511 2678 2564 D.

1611 2587 1784 2639 Heius.

1676 2670 1740 2715 68
1774 2665 1943 2730 Pacis]
1977 2666 2219 2715 A'morem
2242 2671 2397 2716 vocat
2427 2679 2506 2716 ιν.
2540 2666 2675 2715 Con-

1612 2742 1707 2791 sul.
1724 2741 1923 2791 Houor.
1955 2743 2074 2794 Quo
2097 2742 2334 2806 amplexa
2354 2756 2410 2791 se
2433 2755 2531 2805 per
2555 2756 2674 2791 suas

1608 2825 1787 2882 partes
1810 2819 2037 2867 universi
2074 2819 2222 2867 istius
2258 2824 2449 2867 catena
2470 2832 2675 2868 conser-

1608 2900 1698 2943 vat
1721 2900 1951 2943 tenorem
1977 2909 2138 2946 suum.
2169 2895 2350 2944 Barth.

1670 2974 1734 3020 64
1769 2970 2003 3034 Novitqne
2054 2971 2200 3035 eolus]
2272 2974 2452 3023 Nostra
2495 2972 2674 3025 dicere

1607 3047 1737 3107 vult,
1760 3045 1898 3111 quod
1937 3047 2207 3112 eleganter
2245 3049 2673 3114 subintelligitur.

1605 3121 1754 3173 Idem.

1670 3202 1733 3247 65
1770 3198 1918 3249 Civili
1955 3207 2170 3252 converte
2209 3202 2345 3267 tuba]
2372 3207 2376 3212 '
2404 3204 2528 3253 Hoc
2572 3210 2673 3267 est,

1605 3279 1763 3324 muta.
1828 3275 1924 3323 Vir
1962 3278 2213 3327 maximus
2237 3279 2290 3327 iu
2325 3292 2417 3328 ora
2444 3281 2569 3331 libri
2592 3282 2672 3331 sui

1603 3350 1804 3398 convelle
1814 3364 1834 3406 ‚⁰
1864 3363 2155 3414 perperam.
2188 3353 2355 3419 Epist.
2378 3355 2444 3405 ad
2479 3356 2669 3421 Olybr.

1602 3426 1619 3453 ‘
1638 3425 1894 3476 Caueseet
1941 3427 2142 3478 Getieis
2175 3430 2359 3480 Meroe
2412 3446 2668 3483 conversa

1605 3502 1800 3564 pruinis
1817 3504 1849 3552 ς’
1881 3504 1969 3552 ubi
1986 3503 2177 3554 frustra
2197 3507 2382 3570 legunt
2402 3524 2670 3573 conspersa.

1602 3577 1657 3627 Si
1677 3578 1799 3643 quid
1816 3580 2135 3643 mutandum,
2154 3584 2410 3646 committe,
2432 3598 2553 3633 cum
2578 3585 2667 3636 tri-

1604 3655 1698 3705 bus
1741 3657 1997 3706 Mediceis
2042 3668 2096 3707 et
2139 3659 2317 3709 codiee
2351 3652 2666 3726 Bartholini‚

1604 3731 1875 3796 corrigam.
1962 3735 2090 3784 Mox
2126 3749 2220 3799 pro
2261 3733 2453 3786 incestis
2488 3739 2662 3789 Vatic.

1604 3808 1794 3873 Isingr.
1831 3816 1886 3858 et
1925 3819 2147 3875 quatuor
2182 3813 2268 3862 alii
2303 3813 2526 3865 illicitas:
2560 3829 2661 3865 non

1603 3899 1809 3949 sequor.
1842 3886 1909 3936 D.
1933 3887 2104 3937 Heius.

1611 3995 1616 4000 -
1670 3962 1924 4025 Converte]
1959 3963 2021 4012 ld
2035 3972 2136 4028 est,
2160 3965 2368 4019 Everte.

1661 4045 1729 4090 66
1765 4041 1984 4105 luceatis]
2077 4042 2319 4107 ImpuriS,
2374 4043 2657 4095 sceleratis.

470 4111 682 4161 ‘divum
715 4110 877 4160 sator’
899 4112 1090 4173 Statio,
1112 4118 1168 4160 et
1198 4117 1213 4142 ‘
1230 4114 1327 4161 aevi
1355 4112 1522 4177 sator'
1597 4118 1779 4168 Barth.

468 4186 596 4237 snio
615 4186 817 4237 Italico.
879 4189 896 4216 ‘
916 4188 1005 4238 Sol
1031 4188 1162 4238 lueis
1195 4189 1359 4239 sator'
1386 4189 1527 4240 Rufo

1662 4199 1725 4244 67
1761 4196 1911 4245 Posce
1960 4196 2151 4260 Jovem]
2230 4195 2444 4247 Atrocis'
2498 4194 2652 4246 animi

467 4260 720 4326 Arinem,
752 4263 769 4294 ‘
787 4264 921 4316 aries
943 4265 1116 4318 ovium
1149 4264 1315 4317 sator'
1351 4266 1404 4316 iu
1427 4268 1528 4319 Ga·
1597 4285 1874 4337 personam
1894 4273 2052 4325 habet
2084 4274 2262 4340 Pium,
2296 4273 2386 4340 qui
2408 4272 2547 4324 bello
2567 4285 2654 4339 po-
