2992 4925
570 574 579 582 -
627 543 722 592 1⁰⁷
759 540 932 592 Nudus
964 540 1015 589 in
1053 540 1276 604 urgento]
1329 537 1621 603 Argentum

558 622 640 668 est
661 631 769 681 vas,
805 631 908 682 quo
931 617 982 664 in
1017 616 1216 666 balneis
1236 623 1485 665 matronas
1510 621 1623 663 ute·

556 692 765 752 bantur.
828 692 1213 757 Pbaedrus,lib.
1231 705 1309 744 ιν.
1338 692 1624 742 ‘mnndum

557 756 903 834 muliebrem‚'
941 770 1036 835 ait,
1066 774 1084 802 ‘
1109 770 1369 835 exposuit,
1405 775 1462 820 et
1483 770 1622 819 lava-

557 846 754 896 tionem
778 847 1128 911 argenteam!
1160 846 1245 897 adi
1278 846 1545 911 Lamprid.
1568 848 1621 897 in

558 921 859 976 Commodo.
888 924 1010 976 Seio
1026 938 1130 976 non
1147 939 1354 989 semper
1370 932 1622 988 argentea

556 997 718 1052 fnisse
755 1015 896 1065 vasa,
931 1000 1025 1052 sed
1065 1015 1132 1051 ex
1172 1001 1389 1052 coneha.
1454 1002 1622 1051 Vetus

556 1075 828 1141 Inter-pres
848 1077 1090 1129 Juvenal.
1109 1077 1173 1127 ad
1196 1079 1305 1128 Sat.
1329 1090 1416 1128 ιιι.
1438 1078 1619 1128 Plaut.

553 1152 833 1208 Rudente:
883 1154 900 1182 ⁴
922 1168 1050 1205 cave
1089 1160 1146 1204 tu
1179 1154 1358 1206 barum
1395 1154 1622 1205 conchas

557 1244 771 1295 spernas
788 1230 823 1281 ε’
856 1236 914 1281 et
934 1231 1118 1295 puellis
1139 1240 1301 1295 grate
1325 1239 1478 1282 eraut
1498 1245 1620 1283 con-

556 1306 688 1358 (ὼε.
730 1306 913 1358 -Ovid.
950 1307 1171 1358 Metam.
1205 1307 1293 1357 lib.
1317 1321 1377 1359 x.
1416 1307 1549 1358 Fab.
1571 1311 1620 1358 8.

552 1389 610 1434 et
626 1383 824 1434 Paulus
844 1384 943 1435 JC.
966 1385 999 1434 l.
1016 1388 1065 1434 8.
1088 1390 1220 1434 sent.
1236 1385 1342 1436 Tit.
1362 1389 1410 1435 7.
1442 1388 1458 1413 ⁸
1478 1399 1620 1434 mun·

555 1461 623 1512 do
661 1462 905 1513 muliebri
944 1464 1120 1526 legato
1165 1477 1229 1512 ea
1268 1463 1480 1526 cedunt,
1519 1477 1619 1526 per

554 1553 674 1604 quae
693 1538 932 1589 mundior
950 1539 1245 1605 lautiorque
1277 1538 1486 1590 foemina
1508 1538 1617 1590 effi-

555 1615 714 1677 citur,
738 1622 797 1666 ut
819 1617 1091 1680 speculum
1114 1623 1170 1666 et
1202 1617 1445 1668 coneha!
1511 1618 1619 1668 Ita-

553 1705 657 1757 que
677 1692 788 1742 haec
805 1692 872 1742 de
894 1693 1097 1757 privato
1114 1699 1387 1758 apparatu.
1450 1695 1621 1744 Erant

553 1767 714 1819 etiam
734 1768 786 1819 in
811 1770 1021 1820 thermis
1057 1770 1267 1834 publica
1301 1769 1512 1821 lavacra
1541 1786 1618 1821 ar-

555 1851 757 1908 gentea.
791 1847 922 1896 Stat.
945 1846 1034 1895 lib.
1058 1861 1099 1896 1.
1120 1847 1259 1911 Sylv.
1281 1861 1337 1897 v.
1358 1848 1376 1876 ‘
1395 1856 1615 1911 argento

548 1921 681 1973 felix
716 1925 1027 1988 propellitur
1062 1925 1221 1988 unda,
1274 1923 1617 1991 Argentoque

551 2000 734 2052 cadit.'
800 2002 904 2054 Qui
927 2002 1290 2051 ministrabant
1317 2001 1615 2053 lavantibus

550 2075 800 2143 foeminis,
812 2079 1060 2144 Aquariols'
1076 2079 1222 2129 dicti.
1241 2079 1455 2130 Tertull.
1472 2079 1616 2144 Apo·

547 2155 658 2220 log.
682 2170 799 2219 cap.
821 2160 902 2207 48.
933 2158 948 2185 ‘
969 2156 1227 2217 Lenones,
1246 2155 1613 2218 productores,

548 2233 836 2299 aquarioli?
925 2234 1069 2283 Fest.
1105 2233 1191 2282 lib.
1213 2247 1254 2282 ι.
1344 2232 1616 2297 Aquarioli

443 2350 455 2363 .
545 2310 818 2359 mulierum
842 2308 1216 2372 impudicarum
1248 2309 1443 2359 sordidi
1481 2324 1616 2360 asse·

549 2385 664 2436 clae.
729 2384 973 2435 Juvenal.
1005 2384 1117 2434 Sat.-
1142 2398 1217 2434 vr.
1253 2384 1270 2412 ‘
1292 2384 1470 2438 veniet
1492 2400 1613 2434 oon·

549 2460 740 2511 ductus
763 2459 1041 2526 aquarius!
1109 2462 1280 2526 Atque
1302 2459 1422 2511 binc
1445 2461 1612 2511 credi·

548 2538 654 2588 bile
686 2530 788 2602 est,
818 2552 1005 2590 nomen
1040 2538 1298 2588 Gallicum
1333 2553 1613 2602 maquereou

546 2614 857 2668 derivatum.
919 2614 1151 2666 Turneb.
1170 2627 1287 2664 nv.
1310 2617 1392 2664 12.
1426 2615 1610 2680 Demp-

542 2698 658 2744 ster.
694 2726 711 2739 .

610 2771 873 2838 Lympham
889 2771 1128 2837 portaret]
1172 2771 1352 2822 Instar
1373 2772 1607 2835 vilissimi

545 2848 760 2915 aquarii.
796 2849 974 2898 Barth.

548 2980 553 2987 ,
611 2930 708 2976 108
745 2928 868 2976 Cum
888 2940 939 2975 se
958 2925 1124 2989 rapido
1140 2924 1326 2986 fessum
1344 2923 1607 2991 projecerat

542 3005 684 3068 cestu]
716 3002 1113 3068 Elegantissima
1144 3003 1344 3054 notatio
1373 3005 1604 3055 mulieris

542 3080 706 3129 multo
738 3079 860 3130 Sole
892 3095 950 3129 se
981 3080 1269 3143 abjicientis
1305 3080 1357 3130 in
1380 3082 1601 3131 thorum.

542 3156 802 3206 Delicatae
826 3157 1052 3206 ventulis
1086 3156 1240 3207 factis
1271 3156 1603 3221 fovebantur,

542 3232 608 3282 ad
633 3246 759 3297 quas
778 3232 991 3282 delicias
1029 3247 1284 3298 pavonum
1309 3247 1492 3296 pennae
1515 3235 1602 3282 lio-

541 3307 629 3359 die
663 3315 990 3372 usurpantur.
1055 3308 1142 3357 Sic
1181 3309 1238 3358 in
1284 3309 1599 3374 locupletum

537 3382 746 3434 familiis
791 3384 1016 3449 propriae
1068 3383 1120 3434 ei
1163 3383 1240 3435 rei
1281 3385 1598 3438 mulierculae

538 3458 891 3525 flabelligerae.
968 3459 1308 3522 ,Flabellatim
1364 3460 1599 3511 Eunuchi

536 3536 762 3588 officium
785 3538 987 3603 pariter
1005 3536 1059 3587 in
1074 3535 1309 3591 Terentii
1330 3537 1600 3589 Eunucho.

533 3615 686 3667 Idem.

603 3701 699 3744 109
732 3696 975 3746 Pavonum
996 3696 1108 3760 alis]
1142 3695 1296 3763 Aptis
1323 3698 1507 3761 pennis
1528 3699 1594 3750 ad

534 3769 756 3821 flabella.
787 3773 939 3822 Idem.

606 3848 845 3896 Pavonum
861 3850 1058 3899 ventilat
1071 3849 1183 3913 alis]
1217 3851 1453 3902 Pus-onem
1469 3866 1594 3917 qua-

535 3931 656 3975 tuor
679 3924 829 3973 libri:
868 3925 1016 3974 bene.
1086 3925 1268 3975 Malim
1305 3933 1476 3977 tamen
1515 3943 1593 3976 ro-

533 4015 638 4050 seas
677 4014 906 4063 pavonum
949 4001 1082 4048 ulus:
1120 4060 1130 4069 θ
1155 4001 1229 4049 sic
1274 4003 1291 4030 ‘
1334 4002 1591 4059 ventilare

533 4076 697 4127 faces'
723 4077 936 4139 Ovidio,
975 4078 990 4104 ‘
1015 4078 1271 4127 ventilare
1295 4093 1473 4131 aurum
1498 4096 1590 4131 aes-

533 4152 714 4203 tivum’
733 4153 993 4217 Juvenali,
1009 4162 1063 4204 et
1081 4154 1283 4204 similia.
1338 4158 1418 4205 De
1436 4158 1592 4220 passis

531 4230 656 4295 uvis,
673 4230 811 4294 quod
832 4231 1100 4299 sequitur,
1120 4246 1187 4279 ex
1209 4232 1446 4296 Priapeis
1465 4234 1588 4282 liau-

879 385 1099 445 NOTAE
1143 392 1549 444 vammum
1596 393 1676 444 m
1728 392 1847 446 01..
1875 391 2170 444 cumn.
2215 391 2444 443 xvlu.

1696 537 1849 588 cilius
1870 537 2010 601 apud
2041 537 2292 602 Nonium,
2321 537 2341 566 ‘
2367 535 2565 608 Rugusi
2595 537 2763 602 pssi-

1696 630 1798 681 que
1821 615 2010 666 senes!
2040 616 2108 666 D.
2133 616 2307 665 Heius.

1763 693 1859 741 uo
1916 688 2134 754 Lar-tutu]
2196 691 2374 741 Sanus
2412 691 2550 742 eutis
2592 691 2762 759 indies

1698 770 1923 831 laxatur,
1964 783 2120 820 carne
2155 767 2428 832 paullatim
2461 766 2776 837 fatiscente,

1696 846 2024 906 tabescente,
2044 859 2301 909 rugasque
2318 845 2500 897 trabit.
2535 846 2718 906 Barth.

1763 922 1983 986 Luxata]
2006 923 2276 974 Cluverius
2298 922 2459 972 sentit
2478 923 2760 987 legendum

1696 1014 1809 1051 esse
1829 1003 2023 1060 hacta,
2056 1000 2209 1065 idque
2230 998 2415 1063 majori
2452 1007 2761 1067 contemptu

1696 1085 1752 1127 et
1774 1078 1915 1129 odio.
1977 1076 2165 1128 Subdit
2181 1078 2318 1127 enirn
2339 1081 2600 1140 meret,
2621 1076 2760 1143 quod

1696 1160 1779 1203 est
1801 1153 1985 1218 pecudi
2023 1167 2177 1218 quam
2209 1152 2400 1202 homini
2437 1154 2605 1217 magis
2638 1168 2764 1218 pro-

1697 1232 1899 1296 priumz
1934 1237 1990 1281 et
2021 1231 2107 1282 nic
2141 1230 2300 1295 poeta
2320 1231 2630 1294 Eutropium
2653 1243 2762 1282 ser-

1695 1309 1813 1358 vilis
1852 1306 2159 1358 conditionis
2195 1308 2452 1356 bominem
2489 1303 2758 1358 acerbiore

1692 1386 1830 1450 stylo
1883 1385 2230 1450 persequitur,
2281 1384 2586 1456 pecudibus·
2620 1384 2759 1437 enirn

1695 1463 1829 1512 servi
1851 1461 1999 1527 quasi
2028 1459 2385 1521 annumeratig
2434 1460 2573 1510 unde
2595 1460 2720 1511 illud
2740 1479 2757 1512 ε
2785 1480 2792 1488 ·

1692 1540 1708 1569 ‘
1732 1539 1871 1589 servi
1888 1546 1945 1589 ut
1965 1544 2177 1588 taceant
2185 1538 2424 1601 Jnmenta
2445 1536 2759 1603 loquentur!

1690 1616 1819 1665 Tum
1846 1630 2061 1665 corruere
2092 1615 2176 1664 liic
2211 1610 2441 1663 defluere
2468 1617 2562 1664 aut
2581 1613 2757 1665 delabi

1692 1690 1967 1756 siguificat.
2002 1692 2191 1741 Cluser-
2642 1717 2650 1723 -

1757 1770 2001 1833 Stasimus
2057 1770 2311 1834 genarum]
2355 1766 2613 1832 Virgilius
2649 1781 2757 1821 vn.

1689 1847 1704 1874 ‘
1729 1848 1800 1897 Et
1837 1845 2064 1896 frontem
2098 1845 2392 1898 obscoenam
2428 1844 2597 1911 rugis
2603 1846 2755 1899 arat!

1689 1924 1870 1974 Barth.

1758 2004 1848 2050 111
1889 2000 2148 2049 corruerat
2179 2014 2319 2063 passa
2341 1999 2504 2059 facies
2535 2001 2754 2065 rugosior

1688 2075 1805 2139 ara]
1858 2079 2067 2125 Aruerat
2104 2076 2403 2126 doctissimo
2444 2077 2645 2130 Pricaeo
2680 2078 2752 2128 ad

1689 2152 1905 2217 Apuleii
1945 2152 2252 2217 Apologiam
2279 2153 2488 2204 videtur
2528 2156 2756 2206 scriben-

1690 2228 1842 2278 dum:
1893 2229 2149 2294 quomodo
2172 2230 2473 2281 Gunthetus
2503 2231 2750 2299 Ligurino

1688 2304 1824 2355 libro
1848 2319 1975 2355 vm.
1998 2307 2014 2334 ‘
2033 2306 2347 2357 miserandos
2361 2308 2591 2378 possidet
2608 2310 2748 2375 [lege

1686 2381 1889 2447 obsidet]
1914 2390 2056 2432 artus
2091 2382 2252 2452 Foeda
2275 2382 2379 2433 situ
2404 2386 2625 2436 macies:
2659 2386 2751 2437 de·

1687 2458 1872 2510 formia
1895 2460 2059 2525 turpis
2091 2468 2148 2510 et
2171 2475 2312 2525 aeger
2351 2458 2528 2512 Inficit
2549 2476 2642 2513 ora
2662 2479 2747 2515 eo·

1685 2537 1795 2587 lor:
1834 2538 2026 2601 pressis
2046 2538 2182 2588 cutis
2205 2538 2350 2587 arida
2383 2541 2629 2590 membris
2658 2540 2748 2592 In-

1686 2614 1862 2664 sidet.'
1949 2616 2063 2678 Ego
2121 2616 2381 2679 vulgatam
2423 2624 2608 2668 tueor:
2668 2620 2745 2670 sie

1685 2693 1700 2720 ‘
1723 2692 1885 2755 lapsas
1909 2705 2056 2755 genae
2076 2690 2093 2715 ’
2126 2692 2264 2756 apud
2288 2692 2478 2742 Seuee.
2545 2693 2747 2759 Hippo·

1681 2767 1810 2832 lyto,
1845 2782 1982 2819 vers.
2017 2771 2130 2819 ³64.
2197 2770 2391 2819 Noster
2428 2768 2576 2820 beno
2606 2771 2746 2824 Gild.

1679 2845 1696 2872 ‘
1719 2844 1946 2894 Interius
1984 2842 2165 2906 fugere
2189 2859 2333 2908 geuae
2355 2844 2387 2897 a*
2420 2846 2465 2895 si
2489 2847 2614 2910 quid
2639 2863 2745 2898 mu·

1681 2922 1893 2972 tandum
1918 2928 2091 2972 tamen
2113 2922 2202 2993 sit,
2226 2922 2315 2972 vix
2334 2922 2513 2977 dubito
2535 2938 2567 2973 a
2586 2938 2744 2974 manu

1682 2999 1955 3049 Claudiani
2000 3013 2147 3060 esse,
2199 3000 2214 3026 ‘
2238 3000 2543 3053 Marcuerat
2571 2988 2744 3065 *passa

1677 3077 1842 3128 facies
1865 3078 2100 3141 rugosior
2135 3093 2235 3128 uva
2253 3076 2284 3128 ε’
2318 3083 2375 3127 ut
2398 3078 2515 3127 hinc
2530 3079 2646 3143 Jam
2667 3079 2742 3128 in·

1678 3154 1969 3218 telligaruas
1993 3153 2119 3220 quid
2142 3169 2237 3216 per
2255 3156 2271 3182 ‘
2293 3169 2418 3203 uvas
2432 3156 2742 3206 marcentes’

1676 3232 1937 3295 intelligat
1973 3231 2254 3293 Martialis,
2293 3231 2382 3281 lib.
2402 3244 2456 3281 v,
2494 3233 2594 3296 Ep.
2630 3237 2738 3284 12⁰.

1675 3308 2008 3359 ‘Marcentes
2060 3309 2151 3358 tibi
2198 3310 2526 3373 porrigentur
2569 3309 2739 3361 uvaez’

1674 3401 1791 3436 nam
1814 3392 1906 3438 aut
1924 3401 2089 3450 passas
2106 3386 2292 3449 innuit,
2313 3390 2404 3435 aut
2425 3392 2572 3437 certe
2594 3401 2738 3452 rugo·

1674 3478 1755 3513 sas
1791 3469 1848 3513 et
1880 3461 2144 3522 flaccidas,
2180 3477 2294 3512 cum
2337 3463 2386 3510 iu
2424 3463 2529 3512 alia
2565 3464 2736 3513 omnia

1673 3546 1798 3590 eant
1818 3540 2122 3590 Calderinus
2140 3547 2193 3589 et
2214 3539 2466 3588 Raderus.
2519 3539 2537 3569 ‘
2564 3539 2627 3589 In
2652 3556 2734 3590 ru-

1674 3633 1764 3682 gas
1782 3617 2120 3668 marcescere'
2145 3617 2278 3666 dixit
2295 3616 2435 3666 Plin.
2452 3629 2548 3666 xv.
2573 3621 2652 3669 14.
2669 3618 2733 3671 de

1673 3695 1864 3757 pomis:
1900 3695 2153 3760 quomodo
2189 3701 2246 3743 et
2282 3695 2641 3758 castigandum
2677 3696 2731 3747 in

1671 3770 1905 3821 Orientis
1962 3771 2404 3822 commonitorio:
2452 3772 2468 3798 ‘
2494 3771 2732 3839 Pendula

1669 3863 1785 3914 quae
1827 3856 2059 3899 marcent
2104 3842 2245 3912 rugis
2283 3846 2599 3898 deformibus
2638 3865 2731 3903 ora

1668 3926 2003 3975 Protuleraut
2062 3931 2312 3989 quantum
2364 3925 2730 3988 conspicienda

1667 4001 1877 4051 decusz’
1923 4016 2040 4050 cnm
2078 4005 2274 4049 moerent
2307 4000 2414 4050 illic
2453 4016 2595 4052 nune
2634 4002 2731 4051 cir·

1666 4075 2002 4138 cumferatur,
2039 4078 2171 4126 etin
2207 4083 2537 4139 pentametro
2556 4092 2727 4129 vanam

1664 4157 1817 4203 decus.
1885 4154 2058 4204 Minus
2078 4152 2211 4203 bene
2238 4154 2378 4205 Naso
2398 4154 2461 4202 de
2482 4154 2618 4217 liliis,
2637 4155 2726 4204 lib.

1667 4244 1724 4282 x.
1758 4233 1973 4293 Metam.
2006 4231 2022 4258 ‘
2046 4229 2285 4283 Marcida
2325 4230 2610 4281 demittant
2646 4240 2727 4285 su·

531 4307 618 4358 sit.
650 4307 667 4336 ‘
692 4305 819 4359 Uvis
839 4302 1026 4358 aridior
1040 4306 1228 4358 Puella
1245 4305 1443 4372 passis?
1487 4308 1589 4360 Lu·
1661 4307 1772 4360 bito
1792 4314 1951 4374 caput
1970 4292 2063 4359 illa
2091 4311 2361 4375 gravatum
2398 4307 2449 4358 N
2455 4320 2517 4359 ee
2535 4322 2597 4360 se
2615 4315 2721 4361 sus·
