2992 4925
454 358 631 434 1³86

525 524 554 572 1
592 520 820 584 Princeps
835 520 1100 585 pulchrior]
1131 519 1326 585 Ingens
1357 520 1523 584 gratia

459 597 858 661 pulchritudinis
880 599 931 647 in
956 599 1064 648 viro
1087 599 1228 662 Rege
1250 605 1351 649 aut
1373 599 1524 649 Prin·

459 672 597 736 cipe.
665 675 736 726 Et
775 674 960 724 rationi
993 689 1272 737 congruum
1299 674 1524 737 videtur,

461 752 552 815 qui
572 750 685 800 aliis
709 751 947 815 imperet,
969 751 1095 801 alios
1117 758 1177 800 ut
1197 751 1385 800 multos
1402 766 1523 815 spe-

461 826 563 888 cie,
576 828 739 877 cultui
754 828 1340 891 opportuna‚antideat:
1360 830 1375 853 ⁴
1392 829 1525 878 Gra-

459 901 561 954 tior
576 908 656 952 est
673 903 888 966 pulchro
910 905 1118 954 veniens
1135 920 1166 956 e
1185 920 1406 969 corpore
1425 905 1525 955 vir-

461 979 579 1030 tus?
614 980 794 1032 Barth.
868 981 1163 1032 Laudabilis
1183 997 1308 1032 vero
1330 982 1522 1033 eximie

461 1056 622 1106 decor
641 1056 731 1106 ille
754 1058 1006 1120 corporis,
1039 1059 1126 1109 ubi
1158 1060 1354 1109 animus
1375 1060 1526 1122 Sapi-

462 1133 608 1184 entia
627 1141 683 1183 et
707 1134 933 1185 Consilio
956 1135 1242 1187 instructus
1265 1144 1363 1200 est,
1383 1136 1522 1202 quod

465 1224 584 1259 raro
617 1211 855 1261 accidere
886 1214 1049 1263 visum
1085 1214 1338 1265 Petronio
1373 1216 1526 1265 Arbi-

466 1293 571 1350 ατο,
597 1288 693 1346 ‚ubi
720 1289 823 1338 ait:
861 1291 1045 1340 Raram
1065 1291 1230 1351 facere
1263 1292 1529 1342 ”usturam

463 1379 570 1416 um
590 1364 1074 1429 Sapientiam.

534 1442 738 1500 Cor-usco
758 1442 934 1506 sidere]
974 1443 1334 1494 vibrationem
1359 1445 1532 1495 oculo-

462 1530 581 1569 rum
601 1516 814 1567 innuere
840 1518 1081 1568 arbitror.

535 1593 762 1657 Princeps
777 1609 965 1645 corusco
979 1598 1134 1650 sidere
1144 1598 1406 1663 pulchrior]
1425 1599 1535 1649 Ho-

464 1670 671 1722 notium
693 1673 910 1721 similem
933 1673 1226 1724 Theodosio
1248 1673 1406 1724 fuisse
1429 1681 1534 1725 tra·

466 1745 550 1797 dit
569 1746 767 1797 Paulus
791 1749 1070 1811 Dim-onus,
1093 1750 1178 1800 lib.
1204 1764 1297 1802 xv.
1352 1751 1532 1803 Barth.

532 1829 566 1873 2
600 1826 800 1875 Parthis
835 1827 1066 1891 sagittas]
1115 1827 1339 1877 Solertia
1376 1828 1534 1891 sagit-

469 1901 616 1951 tandi
639 1902 837 1952 nobiles
860 1903 1063 1954 Parthi.

461 2005 479 2014 ··
534 1976 755 2040 Sag-ium
770 1980 959 2028 tendere
979 1979 1177 2043 certior]
1212 1980 1416 2031 Mittere
1434 1997 1535 2031 oer-

464 2056 565 2112 tior
595 2056 698 2108 duo
735 2074 801 2108 ex
840 2061 1064 2112 nostris:
1114 2062 1331 2110 tendere.
1355 2062 1538 2110 doctior

471 2133 623 2196 prim.
659 2136 834 2186 Vatic.
881 2144 933 2187 et
970 2146 1224 2201 excerpta
1265 2138 1535 2188 Puteana:

464 2211 652 2264 eadem
673 2227 791 2261 cum
814 2212 1012 2263 duobus
1044 2214 1158 2263 aliis
1193 2214 1360 2276 primo
1384 2228 1536 2263 versu

466 2287 666 2348 clarior,
709 2302 811 2336 non
850 2288 1093 2351 pulchrior
1112 2305 1128 2337 .·
1155 2302 1307 2337 versu
1346 2296 1537 2352 quarto

464 2363 718 2424 Barthius
741 2365 889 2413 menti
912 2378 1015 2413 non
1050 2364 1221 2413 mentis
1251 2379 1318 2413 ex
1339 2364 1539 2413 Palati·

471 2453 554 2492 no.
589 2442 656 2492 D.
681 2441 854 2490 Heius.

542 2519 754 2583 Certior]
786 2518 1025 2582 Felicior,
1057 2519 1203 2568 velut
1225 2532 1328 2569 non
1350 2519 1539 2568 Fortu·

472 2611 554 2646 noe
578 2597 672 2647 sed
696 2597 822 2646 artis
846 2604 1012 2646 totum
1048 2612 1178 2661 opus
1202 2603 1356 2648 esset.
1411 2597 1539 2647 Par·

473 2674 590 2722 thos
611 2674 763 2737 hujus
798 2672 926 2722 artis
954 2672 1148 2722 fidncia
1186 2672 1308 2722 inde
1333 2688 1363 2721 a
1384 2687 1542 2722 cuna-

432 2812 440 2819 ·
474 2749 610 2799 bulis
633 2750 850 2813 pollere,
889 2758 1071 2801 auctor
1094 2749 1413 2814 Ammianus,
1446 2750 1539 2801 lib.

476 2839 615 2876 xxV.
649 2826 827 2876 Bor-ltu

540 2907 571 2951 3
608 2904 767 2967 Eques
793 2902 1008 2967 Gelonis]
1063 2903 1254 2953 Geloni
1292 2903 1542 2955 immanes

479 2980 678 3044 populi,
701 2981 900 3031 ducunt
923 2982 1133 3031 chorum
1158 2981 1356 3032 talium.

542 3059 861 3125 Imperiosior]
892 3059 1230 3124 Imperiosus,
1256 3059 1346 3123 jus
1379 3060 1543 3123 impe-

477 3135 625 3184 randi
647 3135 840 3184 habens
865 3144 918 3185 et
941 3151 1206 3186 exercens.
1242 3137 1419 3187 Bas-112.

539 3214 573 3263 4
609 3211 731 3267 Quoe
752 3212 898 3274 digua
920 3212 1114 3276 mentis]
1160 3212 1343 3262 Ardua
1375 3227 1544 3276 mens,

480 3286 632 3336 celsis
653 3287 804 3336 rebus
827 3297 1097 3352 occupata.
1133 3289 1282 3339 Idem.

543 3368 574 3411 5
612 3362 798 3414 Forma·
819 3364 992 3427 igneoe]
1043 3365 1245 3428 Regali.
1310 3366 1387 3415 Ut
1422 3367 1543 3416 Ele-

468 3447 658 3495 ,menta
679 3449 875 3491 caetera
896 3442 1088 3491 eminet
1112 3443 1257 3504 ignis.
1313 3443 1402 3492 Sic
1424 3457 1545 3493 cen·

477 3517 661 3569 sebant
681 3520 920 3568 nationes
938 3534 1054 3584 quae
1077 3520 1247 3583 Reges
1263 3520 1545 3570 secundum

466 3593 694 3653 ‚sormam
719 3596 1000 3659 eligebant.

547 3672 736 3736 Ignea]
769 3673 980 3724 Coelesti
1006 3688 1231 3737 prorsuS.
1265 3675 1443 3725 Barth.

546 3753 579 3799 6
611 3750 747 3800 Dare
787 3749 1055 3813 Castorem]
1107 3752 1325 3801 Parere.
1359 3752 1546 3816 virgil.

479 3825 495 3851 ‘
522 3825 699 3874 Marte
721 3827 890 3890 gravis
923 3828 1175 3889 geminam
1210 3835 1364 3892 partu
1398 3827 1550 3878 dabit

480 3900 581 3951 Ilia
600 3902 834 3965 prolem)
868 3903 1016 3953 Idem.

538 3982 579 4033 ,7
612 3977 815 4041 Achiui]
857 3979 1001 4029 Nota
1037 3979 1209 4029 omnia
1249 3980 1315 4030 de
1350 3981 1548 4032 virtute

484 4057 648 4121 hujus.
684 4059 829 4108 Idem.

549 4138 582 4184 8
606 4135 752 4183 Delos
763 4136 1051 4200 Apollinem]
1070 4134 1364 4200 Apollinem
1379 4137 1551 4185 Deum

473 4210 924 4274 formosissimum,
976 4213 1026 4263 ei
1067 4212 1301 4269 Patriam
1339 4213 1554 4279 Delum,

488 4287 604 4353 quis
626 4287 829 4338 nescit?
862 4288 1010 4339 Idem.

1529 4340 1534 4347 ,
1627 4289 1744 4340 dam
1769 4289 2054 4363 puerilibus
2076 4287 2273 4362 hamis)

829 375 1048 425 No'rAE
1094 374 1503 426 VARIQRUM
1549 374 1634 424 m
1681 372 1795 424 CL·
1838 374 2117 426 cLAUn.
2163 374 2273 427 XI.

1658 524 1692 569 9
1722 518 1901 584 Lydia]
1933 521 2021 571 De
2042 519 2306 570 Bacchi'in
2335 517 2432 570 hac
2452 517 2655 570 Educa-

1596 596 1758 660 tione,
1802 599 2034 660 Nonnus,
2088 598 2393 662 Dionysiae.
2434 610 2511 661 1„
2552 600 2656 648 ἃς.

1571 675 1815 738 -Lydiam
1838 675 2128 725 Honorium
2149 676 2359 726 Baccho
2379 674 2654 739 praseae,

1598 766 1707 802 rem
1728 766 1963 815 magnam
1985 751 2141 815 dixit,
2162 750 2301 819 qnod
2322 766 2384 802 ea
2405 766 2533 816 gens
2553 752 2654 801 Re-

1598 843 1716 892 gum
1740 827 1927 877 eximia
1948 828 2185 879 amatrix.
2653 839 2658 844 ·

1660 904 1911 968 mmm]
1966 902 2073 957 Qui
2114 906 2254 972 inter
2295 902 2661 954 formosissima

1597 980 1838 1034 Numina.
1870 982 2050 1032 Barth.

1663 1063 1727 1108 1⁰
1763 1059 1859 1108 Per
1877 1060 2002 1109 altas
2018 1057 2175 1122 ilices]
2203 1058 2403 1108 Inviam
2434 1056 2551 1108 aliis
2571 1057 2659 1110 sil·

1599 1150 1733 1185 vam.
1767 1136 1916 1188 Iden.
2737 1132 2745 1139 '

1667 1216 1726 1261 u
1765 1212 1941 1262 Proeda
1960 1211 2182 1276 citam]
2214 1212 2369 1262 Hanc
2383 1211 2527 1261 enim
2546 1224 2666 1261 sen·

1602 1287 1820 1337 tientem
1860 1286 2039 1339 facere
2078 1290 2192 1340 vult
2231 1289 2400 1353 ipsum
2441 1289 2660 1353 Equum.

1603 1363 1758 1413 Idem.

1674 1442 1847 1491 Prode
1863 1441 2088 1506 cimam]
2122 1443 2296 1492 Praedo
2323 1441 2569 1492 Lucensis
2607 1446 2666 1492 et

1607 1518 1823 1583 Gyrald.
1846 1534 1962 1570 cum
1996 1520 2161 1584 primo
2182 1520 2424 1569 vatican.
2460 1524 2517 1569 et
2537 1519 2666 1569 Far-

1607 1596 1849 1646 nesiano:
1885 1596 2022 1662 quod
2048 1611 2225 1646 verum
2260 1601 2403 1660 puto.
2468 1595 2668 1646 Proedo·

1605 1686 1713 1721 nem
1751 1679 1922 1734 vocat,
1962 1672 2047 1737 qui
2085 1672 2352 1737 predatur
2384 1670 2554 1722 feras:
2588 1671 2667 1722 sic

1602 1754 1767 1815 predo
1784 1752 2022 1801 volucrum
2054 1750 2287 1801 Martiali
2316 1750 2579 1813 accipiter.-
2605 1754 2670 1800 et

1610 1827 1841 1878 Glaucus
1861 1826 2220 1877 Anthedonius
2236 1826 2469 1876 Ausonio
2487 1827 2541 1876 in
2555 1827 2672 1876 Mo-¹

1609 1904 1738 1952 sella
1755 1905 1921 1967 praedo
1949 1903 2170 1966 piscium.
2235 1902 2472 1952 Proedari
2494 1910 2671 1954 autem

1608 1980 1819 2030 verbum
1842 1979 2190 2030 venatoriam:
2224 1979 2362 2029 unde
2391 1986 2450 2029 et
2470 1979 2671 2043 praeda.

1611 2056 1843 2107 Martini.
1881 2056 1972 2107 lib.
1994 2071 2035 2105 1.
2073 2057 2174 2120 Ep.
2197 2061 2279 2105 6⁰.
2348 2055 2365 2083 ‘
2389 2055 2679 2106 Proestabit

1607 2133 1718 2183 illic
1759 2133 1877 2197 ipsa
1915 2131 2150 2196 figendas
2209 2146 2374 2197 prope
2429 2131 2675 2182 Voberca

1610 2209 1874 2273 praedanti
1896 2208 2072 2260 feras!
2135 2210 2224 2260 Sic
2239 2223 2307 2259 ex
2323 2208 2558 2272 vestigiis
2572 2209 2679 2258 Va·

1611 2287 1770 2337 ticani
1803 2286 1921 2337 libri
1956 2286 2260 2337 emendasse
2293 2286 2421 2335 olim
2452 2299 2538 2335 me
2567 2298 2677 2336 me·

1609 2363 1751 2414 mini.
1815 2364 1985 2427 Vulgo
2017 2363 2289 2432 prandenti.
2327 2362 2507 2413 :Unde
2534 2376 2678 2426 pren·

1610 2441 1746 2492 denti
1766 2439 1981 2506 factum.
2044 2441 2061 2469 ‘
2083 2438 2230 2491 Abas
2245 2438 2510 2503 praedator
2527 2452 2679 2503 apro·

1611 2517 1742 2567 rum'
1793 2517 1952 2569 ovid.
1989 2517 2078 2568 lib.
2103 2530 2207 2567 ιιι.
2243 2517 2377 2567 Met.
2418 2515 2678 2581 quomodo

1611 2595 1628 2623 ‘
1651 2594 1882 2645 ferarum
1921 2600 2155 2644 vastator
2205 2588 2459 2657 Amycus*
2491 2592 2681 2657 virgil.

1614 2685 1698 2720 rx.
1720 2678 1776 2721 et
1808 2672 1825 2700 ‘
1849 2677 2031 2735 raptor
2053 2684 2296 2734 aprorum
2321 2669 2547 2719 Neurus'
2577 2670 2684 2719 Va·

1614 2747 1742 2811 lerio
1763 2748 1976 2809 Flacco,
2008 2753 2068 2797 ut
2090 2747 2297 2797 videtur
2324 2748 2435 2797 illic
2453 2747 2683 2798 scriben-

1615 2823 1756 2874 dum.
1843 2823 1993 2875 Idem
2034 2823 2288 2873 Ovidius:
2346 2824 2362 2850 ‘
2386 2824 2451 2874 In
2491 2826 2684 2875 multas

1615 2905 1740 2969 lupa
1762 2904 1933 2955 tendit
1953 2919 2097 2967 oves,
2114 2905 2381 2969 proedetnr
2402 2912 2463 2955 ut
2479 2905 2683 2958 unamz'

1613 2982 1755 3046 apud
1797 2982 2127 3044 Juvenalem,
2168 2982 2279 3031 Sat.
2317 2996 2395 3033 xi.
2448 2983 2465 3011 ‘
2489 2982 2683 3033 Praedo

1617 3056 1936 3108 caballorum
1959 3064 2154 3121 proetor
2187 3056 2373 3106 sedet.’
2435 3057 2539 3107 Sed
2560 3057 2686 3108 doc-

1619 3135 1846 3190 tissimus
1869 3133 2159 3201 Gronovius
2180 3134 2291 3197 jam
2315 3141 2462 3185 recte
2481 3135 2686 3187 monuit

1619 3213 1691 3264 ibi
1720 3211 1993 3276 legendum
2029 3225 2146 3261 esse
2173 3213 2365 3275 proedo:
2400 3212 2541 3277 apud
2574 3213 2685 3263 Na-

1620 3305 1795 3342 sonem
1820 3289 2055 3354 Epistola
2080 3287 2319 3338 Phaedrae
2344 3289 2398 3338 in
2414 3289 2581 3339 veteri
2599 3304 2686 3339 co-

1618 3368 1734 3417 dice
1753 3365 2049 3430 legebatur:
2086 3365 2100 3394 ‘
2117 3365 2361 3430 Silvaque
2380 3364 2686 3429 praedmdas

1619 3446 1857 3510 praebeat
1871 3444 1977 3494 alta
1992 3442 2175 3495 feras:'
2196 3457 2301 3492 non
2315 3445 2603 3506 perdendos.-
2623 3450 2686 3494 ut

1618 3522 1727 3573 illic
1738 3521 1928 3570 monui.
1943 3519 2183 3570 Sidonius
2194 3520 2514 3583 Panegyrico
2524 3519 2690 3570 Aviti:

1618 3602 1633 3625 ‘
1657 3599 1820 3646 Vasta
1837 3611 1930 3660 per
1953 3595 2198 3645 adversas
2227 3596 2481 3645 venabula
2501 3610 2689 3659 cogere
2710 3612 2724 3624 ¹

1621 3672 1862 3738 praedas.'
1912 3672 2108 3721 Statius
2122 3670 2339 3720 Soteriis
2361 3671 2546 3723 Rutilii
2563 3671 2692 3723 Gal·

1620 3751 1738 3800 lici:
1794 3751 1809 3777 ‘
1846 3747 1991 3798 dives
2039 3748 2232 3811 praedae
2274 3755 2449 3798 tamen
2491 3748 2691 3814 accipit

1623 3828 1761 3878 omni
1780 3828 2007 3878 Exuvias
2016 3826 2194 3877 Diana
2212 3826 2349 3877 tholo
2368 3827 2402 3875 :'
2427 3833 2484 3877 et
2497 3829 2692 3891 Lacry·

1623 3905 1720 3957 mis
1769 3904 1992 3968 Etrusci,
2033 3906 2050 3931 ‘
2085 3904 2229 3953 nulla
2272 3904 2450 3953 vivere
2489 3903 2688 3968 proeda’

1627 3984 1853 4032 Leonem
1889 3981 1982 4044 ait,
2022 3982 2109 4046 qui
2130 3978 2515 4030 mansuefactus
2536 3986 2687 4033 erat:

1624 4059 1890 4123 ‘praedari
1930 4059 2100 4123 pisces
2129 4057 2342 4107 calamo'
2381 4057 2523 4121 apud
2558 4056 2691 4107 Pro·

1626 4137 1873 4200 portium,
1909 4135 2042 4184 libro
2066 4148 2143 4183 ιν.
2184 4135 2264 4184 El.
2283 4138 2332 4184 2.
2375 4132 2499 4182 Pari
2535 4132 2689 4187 modo

1623 4212 1885 4265 Ausonius
1909 4214 1962 4261 iu
1979 4211 2201 4263 Mosella
2217 4225 2231 4258 t
2265 4212 2286 4249 ⁴-
2297 4209 2540 4265 alburnos
2557 4224 2691 4274 prns-

2294 4348 2302 4361 .
2325 4288 2454 4347 Mox
2473 4300 2615 4355 regas
2632 4291 2696 4345 et
