2992 4925
431 356 606 426 lm

428 519 804 584 Andragathio,
847 520 902 568 in
946 520 1136 570 lectica
1180 519 1355 586 specie
1410 517 1489 570 Fl.

427 597 676 649 Maximae
731 596 1045 646 Constantine
1095 594 1232 661 Aug.
1287 595 1490 659 latenti,

428 676 629 744 eccisus
651 679 749 723 est.

500 749 732 814 Uterque]
788 748 1048 798 Maximus
1086 754 1143 799 et
1185 749 1482 814 Eugenius.

424 829 512 879 hic
531 843 654 878 vero
673 826 995 891 Arbogastis,
1023 826 1111 876 ille
1150 824 1491 890 Andragathii

426 921 581 956 mann
624 920 746 953 usus
792 909 870 974 est
908 904 961 952 in
1005 903 1303 967 parricidio.
1384 904 1486 954 Sed

426 988 648 1045 uterque
683 980 892 1030 sceleris
926 981 1166 1030 minister
1195 980 1293 1030 sibi
1329 982 1488 1032 vitam

426 1058 637 1109 ademit.
706 1059 894 1107 Claver.
934 1116 944 1120 -

492 1137 750 1199 Respersus
779 1131 993 1199 aterque]
1023 1134 1148 1184 Pari
1171 1134 1384 1186 crimine
1400 1135 1486 1199 ju-

423 1225 581 1262 venes
620 1212 971 1275 Imperatores
1011 1211 1325 1272 exstinxere,
1352 1212 1486 1262 Gra-

424 1290 620 1339 tianum
643 1288 923 1348 Maximus,
942 1287 1359 1337 Valentinianum
1374 1288 1486 1337 'Eu-

425 1366 625 1432 genius.
659 1365 764 1414 Hic
781 1364 1088 1427 Arbogastis
1107 1364 1289 1427 eliens,
1311 1370 1367 1413 et
1388 1364 1485 1414 sub

323 1471 327 1476 ⁷
426 1456 491 1492 no
511 1442 835 1505 Imperator;
871 1442 967 1502 ille¹
985 1440 1163 1490 domus
1176 1442 1486 1492 Theodosia-

422 1533 506 1577 nae
531 1533 705 1569 verna.
771 1517 946 1566 Barth.

454 1598 459 1602 ’
487 1600 556 1645 76
588 1595 795 1645 Insontis
820 1593 1014 1657 jugulo]
1058 1595 1252 1659 Jugulo
1287 1595 1484 1646 caedem

422 1671 677 1735 intellige,
697 1671 1014 1734 sanguinem.
1062 1672 1321 1734 sedulius,
1353 1674 1388 1723 l.
1410 1687 1485 1723 lv.

422 1749 440 1775 ‘
467 1761 585 1797 cum
609 1746 841 1810 praesidis
874 1754 997 1796 ante
1029 1748 1253 1800 tribunal
1294 1750 1488 1813 Staret,

422 1829 484 1873 ut
505 1823 572 1872 ad
601 1823 840 1887 Jugulum
863 1823 1051 1873 ductus
1077 1825 1374 1875 mitissimus
1397 1841 1485 1890 ag-

420 1889 555 1950 nus!
608 1900 693 1949 De
710 1900 961 1974 'Gratiani
989 1902 1287 1952 innocentia
1317 1903 1485 1952 Auso-

423 1978 541 2027 nius
589 1976 970 2041 Panegyri003-
1003 1977 1070 2027 de
1131 1979 1484 2029 Valentiniani

423 2052 729 2118 Ambrosius
749 2053 998 2103 Sermone
1020 2054 1130 2118 ejus
1148 2054 1389 2104 Funebri.

489 2131 694 2180 Novitas
734 2130 906 2179 andere
954 2131 1132 2195 priori]
1200 2132 1484 2182 Maximum

422 2206 666 2257 Fortunas
709 2207 961 2267 novitate,
1007 2209 1105 2255 hoc
1143 2214 1247 2269 est,
1285 2223 1487 2258 succes-

421 2297 567 2334 suum
584 2279 875 2332 incredibili
891 2283 1182 2346 celeritate,
1195 2285 1486 2347 Eugenium

421 2360 560 2410 illius
592 2359 884 2422 exemplum
925 2359 1190 2421 mitigasse
1229 2357 1376 2419 dicit,
1418 2359 1487 2408 ad

422 2449 576 2500 quem
598 2435 906 2489 transissent
945 2435 1147 2484 scilicet
1178 2440 1257 2485 tot
1290 2434 1485 2485 exerci-

425 2521 527 2575 tus,
564 2519 645 2562 tot
665 2500 907 2562 civitates
940 2527 1056 2562 cum
1087 2513 1347 2575 opulentis
1370 2527 1488 2576 pro·

421 2587 605 2637 vinciis
628 2586 957 2638 defecissent.
1000 2589 1175 2637 Possis
1197 2588 1485 2638 novitatem

422 2664 580 2715 etiam
599 2665 800 2728 generis
825 2665 1080 2714 vilitatem
1105 2679 1315 2728 capere,
1336 2666 1484 2728 cnjus

421 2754 545 2804 ergo
563 2741 793 2793 Pacatus
817 2740 1032 2791 mirifice
1057 2741 1287 2791 traducit
1316 2743 1484 2792 Maxi-

420 2831 595 2880 1uum3
671 2825 726 2867 et
776 2820 1086 2882 armigerum
1129 2819 1284 2869 lixam
1325 2819 1486 2873 fuisse

421 2901 665 2945 testatur.
728 2894 905 2945 Barth.
1240 2909 1244 2917 ·

487 2973 551 3020 77
606 2972 892 3036 Tantumque
930 2972 1106 3025 dabant
1161 2975 1374 3040 exempla
1414 2989 1485 3025 se-

420 3048 606 3112 quenti]
645 3049 922 3113 Sequentem
945 3052 1123 3117 scripti
1156 3051 1269 3103 fere
1291 3068 1483 3104 omnes.

422 3128 470 3175 d.
492 3140 532 3175 e.
565 3132 843 3188 sequentem.
912 3129 1156 3178 Lucensis
1190 3136 1246 3179 et
1283 3138 1484 3194 septem

418 3198 526 3266 alii,
545 3208 819 3267 cautumque
839 3205 884 3253 d.
900 3220 941 3253 e.
956 3211 1241 3268 sequentem:
1271 3208 1483 3277 optime.

421 3284 650 3345 Vulgata
667 3284 821 3333 lectio
845 3294 1048 3333 sensum
1067 3298 1169 3333 non
1195 3285 1369 3335 habet.
1391 3286 1483 3335 Su-

421 3373 519 3425 pra
559 3359 708 3408 initio
746 3359 893 3424 hujus
930 3360 1081 3409 libri.
1134 3361 1353 3410 ‘Canto
1385 3377 1484 3412 nec

422 3434 617 3507 profuit
651 3437 787 3485 hosti
824 3436 1042 3486 Munitis
1074 3437 1279 3486 haesisse
1318 3438 1484 3489 locis.’

420 3504 511 3563 Ita
548 3520 604 3563 et
636 3513 771 3562 curis
809 3512 1048 3562 secundis
1081 3512 1335 3563 divinavit
1360 3517 1486 3563 Bar·

420 3590 579 3639 thius:
595 3602 881 3654 quanquam
893 3595 1168 3652 cantumque
1182 3589 1321 3652 apud
1341 3590 1485 3640 illum

420 3666 616 3736 legitur
638 3666 950 3732 typographi
984 3680 1178 3730 errore,
1206 3671 1264 3716 ut
1285 3666 1484 3730 opinor.

422 3742 493 3793 D.
511 3742 686 3792 Heius.

480 3818 780 3879 Tantumque
826 3804 1000 3864 dabant
1036 3819 1251 3880 exempla
1292 3832 1482 3882 sequen-

421 3891 489 3956 ti]
544 3893 665 3943 Hoc
697 3900 798 3953 est,
843 3898 1044 3942 tantum
1083 3893 1282 3942 consilii
1319 3902 1374 3942 et
1395 3909 1482 3943 au·

424 3970 591 4023 daciae
648 3950 808 4019 dabat
887 3970 1121 4033 Eugenio
1195 3971 1480 4029 Parricida}

420 4047 643 4099 Maximi
680 4047 990 4133 exemplum,
1010 4054 1259 4111 quantum
1283 4046 1359 4095 rei
1392 4062 1480 4098 no-

421 4126 567 4175 vitas.
591 4122 852 4171 dederat'
839 4123 938 4185 ipsi
968 4123 1221 4171 Maximo.
1278 4123 1483 4172 Novitas

423 4200 656 4251 Maximo
688 4199 830 4261 data,
869 4205 951 4249 est
988 4199 1265 4248 inusitatus
1300 4205 1484 4265 terror,

424 4291 526 4346 quo
570 4275 820 4341 perculsae
865 4275 1109 4328 Gratiani
1145 4276 1375 4342 legiones
1416 4276 1483 4329 ad

778 374 995 424 NOTAE
1042 371 1445 446 vamolwu
1493 373 1574 425 ΙΝ
1623 375 1740 424 eL.
1786 375 2065 426 cLAvD
2113 376 2280 427 vul.

1567 534 1681 570 eum
1728 518 2134 583 transfugerunt,
2178 534 2243 572 ex
2280 518 2466 592 angulo
2491 507 2646 592 quo·-¹

1566 596 1683 646 dam
1718 596 1783 646 ad
1819 595 2040 659 Europae
2082 596 2363 670 Imperium
2387 609 2654 664 progresffi

1565 687 1696 723 sum.
1761 674 1894 722 Tota
1931 674 2146 737 periodo
2184 674 2402 737 Euge-nii
2440 674 2628 742 laudat

1565 738 1962 813 providentiam,
2006 750 2218 799 Maximi
2265 749 2529 799 audaciam
2571 755 2632 806 et

1567 827 1809 876 virtutem
1834 826 2095 889 bellicam,
2128 842 2241 892 quae
2271 827 2374 878 duo
2396 812 2630 898 junctim

1568 905 1620 953 in
1649 903 1901 967 Tyrannis
1925 905 2087 953 tantis
2111 901 2365 953 devicisse
2394 902 2628 952 Tlieodo-
2653 902 2655 906 ’

1565 980 1714 1042 sium,
1756 993 2004 1030 summam
2061 982 2170 1044 ejus
2214 981 2424 1030 laudum
2477 976 2627 1032 facit.

1566 1055 1742 1105 Barth.

1628 1136 1692 1181 78
1730 1131 1828 1180 Hic
1863 1146 2069 1195 qnaerere
2095 1137 2201 1181 tnta
2225 1132 2483 1197 Providus]
2520 1131 2626 1181 Eu·

1565 1207 1703 1271 genii
1720 1207 2005 1257 doctrinam
2028 1197 2355 1258 commendat
2372 1209 2638 1278 Ζοιίιιιιιε,ν

1564 1283 1753 1348 quique
1777 1272 2119 1347 Philosophus
2145 1283 2322 1341 fuerit.
2389 1285 2539 1335 Idem.
2620 1339 2626 1350 ,

1628 1364 1691 1409 80
1727 1360 1865 1409 Intra
1884 1359 2088 1409 claustra
2111 1360 2351 1423 reduetus]
2412 1351 2575 1411 Νοιι
2556 1377 2630 1411 ιιι-

1562 1441 1657 1499 ter,
1676 1439 1895 1488 Lucens.
1918 1447 1973 1487 et
1998 1438 2195 1502 aliquot
2213 1440 2320 1488 alii.
2356 1440 2424 1488 D.
2451 1435 2624 1491 Heius.

1630 1517 1767 1565 Inter
1808 1517 2013 1565 claustra
2052 1516 2295 1591 reductas]
2355 1518 2487 1569 Quae
2521 1523 2627 1567 m‘e-

1563 1607 1623 1643 ra
1685 1591 1959 1655 felicitate,
2010 1607 2154 1644 mero
2210 1592 2391 1643 favore
2446 1593 2629 1663 divino
2654 1600 2660 1606 '

1561 1669 1793 1731 pervasit
1814 1669 2147 1719 Theodosius
2182 1671 2295 1733 Ego
2320 1685 2444 1719 vero
2463 1671 2627 1735 suspi-

1561 1762 1650 1798 cor
1672 1745 2041 1812 Arbogastem,
2058 1749 2226 1817 minus
2243 1749 2451 1814 cognita
2474 1751 2629 1800 Prin-

1562 1826 1693 1890 cipis
1710 1826 2039 1888 strenuitate,
2060 1827 2200 1876 ultro
2216 1842 2330 1876 eum
2348 1828 2626 1879 admitten·
2653 1842 2662 1848 “

1561 1901 1680 1949 dum
1705 1902 1986 1961 censuisse,
2006 1908 2064 1951 ut
2099 1901 2344 1951 videlicet
2377 1918 2466 1952 suo
2489 1895 2656 1968 com?

1560 1976 1711 2026 modo
1729 1978 1843 2026 loca
1859 1978 2071 2026 meliora
2088 1975 2337 2041 insidens,
2354 1979 2464 2043 ejus
2481 1995 2628 2030 exer·
2651 1994 2656 1998 ’

1560 2054 1717 2104 citum
1741 2055 2111 2117 pessumdaret.
2178 2055 2358 2105 Barth.
2611 2047 2663 2120 ᾖ

1625 2135 1687 2179 81
1740 2130 1903 2180 Morte
1934 2129 2094 2194 pares]
2146 2131 2359 2194 Negant
2398 2132 2628 2184 nonnulli

1562 2206 1972 2255 Christianorum
2011 2208 2075 2255 de
2110 2208 2361 2269 Eugenio,
2383 2208 2472 2273 qui
2504 2209 2626 2260 dum

1562 2282 1823 2345 supplicat
1847 2282 2157 2343 Theodosio,
2180 2298 2210 2330 a
2233 2282 2394 2333 milite
2416 2284 2628 2335 obtrun-

1560 2364 1735 2407 catum
1758 2356 2012 2407 scribunt.
2079 2358 2161 2405 De
2200 2358 2431 2428 Maximo
2466 2361 2626 2411 etiam

1561 2448 1662 2485 non
1687 2445 1836 2484 nemo
1860 2433 2032 2483 aliter.
2099 2433 2248 2484 Idem.

1623 2516 1687 2561 82
1721 2509 1963 2573 Dedecus]
1996 2508 2045 2560 A
2079 2526 2275 2562 summo
2315 2512 2541 2577 Imperio
2573 2500 2626 2564 in

1558 2589 1787 2640 infimam
1818 2589 2142 2650 servitutem,
2165 2590 2303 2653 quod
2324 2597 2490 2640 morte
2514 2591 2627 2655 ipsa

1559 2667 1785 2719 atrocius
1803 2674 1986 2715 notant
2008 2666 2311 2730 Hieronymi
2332 2667 2509 2717 verba.

1625 2743 1797 2793 Mistis
1818 2742 1950 2807 telis]
1987 2742 2047 2791 In
2073 2741 2204 2804 acie,
2228 2741 2471 2794 conflictu
2493 2744 2626 2795 mili-

1560 2821 1679 2871 tari.
1743 2814 1898 2870 Telo'
1919 2821 2056 2869 enim
2104 2818 2374 2873 Carnificis
2418 2819 2625 2889 cecide7

1559 2903 1699 2946 runt.
1735 2897 1913 2946 Barth.
2543 2960 2552 2969 .

1624 2979 1687 3025 83
1722 2975 1914 3024 Amissa
1957 2973 2128 3038 specie,
2153 2973 2307 3037 raptis
2338 2973 2624 3040 insignibus]

1559 3052 1744 3102 Pacati
1769 3051 1929 3101 verba
1951 3065 2061 3099 rem
2099 3049 2164 3099 ob
2197 3051 2371 3099 oculos
2404 3058 2622 3115 ponunt,

1560 3131 1612 3180 in
1635 3120 1855 3180 Maximi
1876 3145 1999 3180 sane
2022 3128 2315 3178 miseranda
2336 3128 2504 3178 clade.

1625 3208 1801 3271 Raptis
1829 3205 2113 3269 insignibus]
2144 3206 2387 3268 Purpura
2418 3202 2625 3269 Augus-

1559 3283 1672 3346 tali,
1696 3299 1812 3349 quae
1854 3283 1983 3332 adeo
2015 3287 2197 3331 sancta
2227 3287 2361 3344 erat,
2399 3286 2459 3330 ut
2487 3281 2625 3349 priof

1558 3377 1670 3411 rum
1696 3362 1985 3425 principum
2010 3364 2278 3423 gestarent
2292 3361 2642 3429 posteriores..
2677 3352 2684 3357 ’

1558 3438 1642 3487 Sic
1662 3438 2004 3487 Constantino
2038 3438 2295 3501 quondam
2319 3443 2462 3500 apta,
2481 3436 2626 3503 indu·
2673 3444 2676 3445 ’

1558 3520 1667 3563 tum
1690 3514 1932 3576 auspiciis
1957 3513 2167 3577 Imperii
2189 3512 2625 3583 Theodosium‘ex
2663 3573 2667 3577 .

1557 3589 1722 3654 magis
1744 3590 1927 3653 priscis
1952 3589 2133 3639 scribit
2157 3589 2386 3639 Michae'l
2412 3590 2625 3656 Glycas.
2663 3654 2668 3661 ι

1624 3665 1918 3728 Insignibus]
1969 3664 2200 3727 Imperii.
2253 3665 2427 3715 Certis
2469 3664 2625 3735 notis,
2665 3678 2669 3683 ⁴

1555 3742 1742 3808 quibus
1781 3741 1846 3791 ab
1870 3740 2156 3811 hominibus
2187 3742 2419 3793 homines
2442 3744 2625 3817 distin·

1557 3825 1796 3883 guantur.
1841 3817 2167 3881 Dignitatem
2186 3821 2533 3870 monstrantia
2551 3820 2628 3870 in-

1556 3894 1711 3958 dicia,
1726 3894 1827 3944 hoc
1853 3895 2055 3944 nomine
2077 3902 2375 3944 censentur.
2428 3896 2627 3960 Florus,
2658 3898 2663 3902 ’

1554 3971 1641 4022 lib.
1666 3984 1702 4020 1.
1724 3972 1740 3998 ‘
1759 3971 2079 4036 Insignibus,
2104 3971 2287 4036 quibus
2328 3972 2479 4035 regni
2510 3971 2624 4038 dig-

1557 4046 1694 4097 nitas
1718 4047 1954 4097 eminet.'
1991 4048 2169 4098 Barth.

1618 4128 1681 4173 84
1716 4124 1778 4173 In
1803 4126 1960 4173 vultus
1995 4125 2176 4171 rediere
2201 4121 2334 4184 suos]
2382 4121 2539 4172 Alter
2570 4122 2625 4174 in

1555 4199 1914 4262 Grammatici,
1933 4206 1989 4248 ut
2025 4198 2166 4246 vides
2190 4197 2242 4246 in
2277 4198 2514 4261 Socrate,
2533 4199 2625 4251 lib.

1557 4292 1610 4329 v·
1625 4282 1706 4330 24.
1739 4276 1895 4327 Alter
1910 4276 1964 4325 iu
1989 4287 2179 4338 vernae,
2197 4271 2460 4340 armigeri,
2483 4272 2629 4339 lixoe,
