2992 4925
1053 429 1150 481 DE
1194 429 1436 478 nmmo
1483 430 1780 481 enrico,

301 569 504 636 Livius,
526 571 559 623 1.
585 584 745 622 xxxr.
778 572 955 622 Barth.

309 674 320 681 ·
363 655 470 702 898
507 652 830 701 Pretereunte
850 646 1015 711 mauu]
1046 648 1206 698 Velut
1230 648 1373 698 aliud

302 731 513 790 agente.
578 724 725 776 Alibi
754 722 937 774 eadem
975 723 1234 774 sententia
1257 737 1373 774 nos·

299 807 392 857 ter*
402 806 837 852 transcurrentem
845 800 1176 850 Stilichonem
1188 800 1377 864 egisse,

302 878 446 945 quod
469 891 656 942 magno
672 877 849 927 labore
870 876 954 925 vix
970 875 1263 940 exegissent
1284 876 1374 926 alii

299 956 464 1013 canit.
501 954 662 1019 Regis
684 953 914 1018 Philippi
937 968 1019 1003 rea
1042 959 1146 1003 tam
1168 953 1371 1016 exiguae

299 1039 394 1082 cut
409 1031 790 1082 contemtibiles
808 1046 908 1081 non
928 1030 1096 1093 fuere,
1115 1031 1241 1096 quiu
1261 1045 1372 1094 gra·

293 1108 451 1158 ¹vibuu
474 1107 739 1157 accenseri
761 1114 1076 1158 mereantur.
1110 1107 1260 1158 Idem.

363 1187 461 1233 401
502 1183 777 1247 Precantes]
827 1185 1193 1248 Deprecautes
1231 1185 1372 1234 noxi·

298 1273 403 1321 am,
413 1260 580 1312 veniae
595 1261 729 1326 loco,
739 1268 793 1311 et
808 1262 1088 1326 probandae
1101 1261 1369 1316 fidelitatis

293 1343 575 1402 precantes
591 1336 798 1388 admitti
820 1337 876 1389 in
888 1339 1164 1403 stipendia.
1202 1342 1354 1394 Idm.

361 1418 462 1464 402
485 1415 698 1464 Meam
716 1415 980 1479 mmmm]
1011 1416 1135 1466 Fuit
1154 1417 1199 1466 is
1222 1432 1369 1468 exer-

291 1489 434 1541 citus
454 1490 751 1540 Stilichonis
774 1489 841 1540 ad
863 1504 1038 1541 xxxv.
1058 1498 1149 1542 aut
1171 1500 1370 1557 praeter

296 1574 518 1635 propter
540 1567 702 1617 millia
719 1568 954 1619 militum.
988 1569 1139 1620 Idm.

365 1635 565 1683 Menates
616 1632 883 1696 merum]
962 1635 1248 1699 Panegyris
1301 1635 1368 1686 ad

296 1706 694 1760 Constantium:
750 1709 1008 1773 ‘Magnus
1055 1709 1370 1773 Alexander,

293 1798 418 1836 eum
441 1791 635 1850 praeter
665 1785 983 1836 Macedonas
1021 1802 1140 1837 suos
1164 1795 1366 1839 ctinctae

292 1862 525 1915 Gra-,cim
580 1871 634 1915 et
679 1864 922 1915 universo
965 1865 1180 1930 Illyrico
1222 1866 1367 1916 innu-

294 1941 602 1992 merabilem
620 1942 882 1993 delectum
914 1949 1093 2007 posset
1113 1943 1365 2007 indicere,

291 2031 560 2084 nunquam
603 2018 826 2083 majores
868 2018 1216 2084 quadraginta
1254 2020 1367 2070 mil·

292 2094 422 2147 lium
457 2096 636 2160 copias
680 2095 856 2146 duxit:
894 2095 1124 2147 inhabile
1160 2096 1364 2160 regenti

283 2179 442 2227 satus
460 2173 709 2237 quicquid
740 2170 1057 2223 excederet.'
1093 2172 1280 2221 (ἔλουον.

356 2253 461 2303 406
491 2247 659 2299 Animi
692 2248 953 2298 Stilichone
988 2246 1188 2311 recepti]
1218 2247 1364 2298 Malo

289 2325 470 2376 mimis
503 2326 721 2389 receptis,
761 2329 822 2374 ut
866 2337 984 2373 cum
1027 2322 1364 2388 sequentibus

283 2401 407 2455 haee
431 2403 741 2454 cohaereant.
779 2403 847 2453 D.
873 2401 1040 2451 Heius.

291 2511 300 2518 ·
353 2485 457 2532 407
488 2481 862 2546 Lamyrumque
879 2479 1082 2542 gaudia]
1128 2479 1256 2528 Viso
1287 2479 1361 2529 iu-

287 2556 484 2607 tolnmi
519 2558 772 2622 Principe
810 2556 1031 2617 militie,
1071 2554 1213 2605 utin
1238 2570 1362 2620 gau·

291 2631 390 2683 diis
411 2634 648 2693 maximis
668 2633 915 2697 lacryma
951 2632 1121 2682 solent
1147 2631 1359 2684 oboriri.

353 2791 458 2837 409
500 2786 655 2837 sabaa
689 2786 824 2849 nota]
868 2788 1064 2837 Tauros
1100 2783 1361 2837 docebant

281 2859 495 2929 ingenia
532 2871 764 2914 veterum
803 2871 1070 2928 pastorum
1109 2861 1173 2913 ad
1205 2862 1360 2913 sibila

289 2940 668 3005 cognoscenda,
688 2947 743 2992 et
758 2941 823 2990 ad
841 2954 1017 2990 eorum
1032 2944 1215 2989 nutum
1232 2939 1361 2990 mira

285 3015 495 3067 bovinis
516 3016 735 3080 ingeniis
757 3016 1026 3081 patranda.
1059 3016 1213 3065 Idem.

289 3131 296 3140 .
355 3097 460 3144 410
498 3092 585 3143 Vel
604 3098 728 3141 ηοω
743 3107 917 3156 pascua
937 3091 1097 3154 callis]
1140 3092 1360 3142 Lucena.

285 3175 349 3220 et
370 3169 596 3234 Gyraid.
621 3174 669 3218 et
690 3169 860 3219 acite:
913 3168 1126 3233 optime.
1161 3168 1278 3219 Lib.
1298 3182 1360 3219 u.

285 3243 346 3298 in
368 3243 542 3295 Rufln.
574 3244 590 3272 ‘
610 3246 684 3294 Ut
702 3243 813 3294 fera
836 3258 951 3308 quae
975 3257 1141 3307 nuper
1157 3251 1360 3293 montes

284 3320 505 3382 ,demisit
525 3319 720 3370 avitos!
762 3319 915 3369 Maro
936 3318 1232 3381 Georgicon
1257 3325 1360 3369 ter·

290 3395 378 3444 tio
389 3394 694 3445 describens
716 3395 916 3446 victum
941 3395 1225 3445 certamine
1250 3401 1361 3445 tau·

288 3483 434 3522 rum:
483 3471 499 3499 ‘
524 3473 595 3522 Et
633 3471 838 3521 stabula
873 3478 1149 3535 aspectans
1189 3472 1361 3535 reguis

287 3549 519 3599 excessit
540 3548 727 3599 avitis.’
778 3548 993 3608 Statius,
1010 3545 1265 3596 Thebaid.
1282 3561 1358 3598 iv.

287 3623 305 3654 ‘
328 3626 519 3691 Tuque
557 3626 717 3690 prior,
753 3631 809 3674 tu
844 3624 996 3686 cede,
1024 3638 1233 3686 nocens,
1270 3625 1360 3689 qni

286 3702 427 3752 solua
465 3697 607 3751 avita
646 3700 897 3752 Gramina
935 3713 1361 3764 communemque

288 3777 429 3841 petis
466 3775 750 3827 defendere
787 3775 1015 3826 montem
1030 3772 1063 3823 ι’
1095 3781 1253 3839 atque
1285 3775 1359 3823 ita

282 3852 528 3905 tbi-tassia
553 3861 611 3903 et
632 3853 766 3918 apud
787 3852 1008 3903 eundem
1032 3851 1165 3901 libro
1178 3866 1359 3901 secun-

287 3927 355 3980 do
377 3929 770 3993 corrigendum:
802 3931 818 3957 ‘
842 3929 1005 3979 veluti
1038 3944 1154 3979 curn
1177 3934 1358 3979 taurus

289 4007 594 4058 avitaValle
612 4020 812 4070 carens,
828 4008 1028 4069 pulsum
1043 4007 1195 4056 solito
1208 4020 1374 4076 quen&

285 4082 523 4146 gramine
546 4082 713 4131 victor
734 4082 903 4135 Jussit
934 4083 1001 4132 ab
1033 4092 1217 4146 erepta
1252 4077 1364 4134 lon?

294 4171 412 4222 gam
428 4158 628 4222 mugire
642 4160 921 4223 juvenca:’
955 4176 1243 4226 quanquam
1261 4175 1359 4212 nec

294 4235 561 4300 ynlgatum
614 4240 774 4285 amatu
826 4238 948 4286 valle
1001 4244 1196 4287 temere
1239 4237 1359 4287 istic

295 4310 661 4378 damnandum.
725 4314 835 4365 Pro
859 4328 1038 4379 pascua
1070 4314 1244 4365 Oxou.
1265 4329 1359 4380 pe·

2341 414 2519 495 1⁵6⁵

1450 572 1574 624 bala.
1605 573 1714 624 Pro
1734 578 1906 636 regne
1926 571 2165 639 sequenti
2179 586 2337 625 versu
2352 574 2517 640 scrip·

1452 649 1492 698 ti
1515 649 1722 715 quidam
1742 655 1945 711 rogant:
1976 650 2113 715 qnod
2143 651 2324 700 Delrio
2344 651 2516 715 place·

1451 724 1574 786 bat;
1608 726 1764 793 idque
1784 727 2017 792 Scaliger
2038 728 2089 776 in
2113 741 2205 779 ora
2222 727 2417 778 codicis
2437 728 2517 779 sui

1450 802 1675 865 probare
1721 803 1876 853 visus.
1947 803 2124 867 Epigr.
2170 803 2235 852 de
2279 803 2515 853 mulabus

1451 878 1699 930 Gallicis:
1734 881 1751 908 ‘
1776 880 1905 929 Cum
1931 893 2118 943 pronas
2141 877 2367 942 pecudes
2387 878 2516 928 Gal-

1451 956 1552 1006 lica
1575 958 1731 1008 verba
1748 956 1969 1020 regant?
2003 957 2075 1007 D.
2097 953 2271 1005 Heino.

1515 1036 1613 1083 411
1644 1032 1793 1097 Inque
1811 1032 1983 1095 dcem]
2016 1033 2217 1082 Mutuo.
2256 1032 2512 1095 Lucanus,

1449 1109 1484 1159 l.
1508 1123 1546 1159 1.
1579 1109 1595 1138 ‘
1623 1110 1787 1175 Inque
1807 1109 1977 1159 vicem
2003 1123 2128 1173 gens
2150 1108 2315 1159 omnis
2336 1108 2513 1161 amet-3

1448 1185 1631 1236 Barth.
1840 1180 1846 1185 ’
2318 1178 2325 1185 ‘

1513 1266 1610 1312 413
1647 1262 1786 1312 Rura
1814 1262 2139 1326 perobscurus
2156 1266 2384 1326 apparent
2411 1276 2513 1311 cor·

1445 1352 1543 1387 aaa
1551 1337 1775 1402 frondes]
1823 1340 1900 1389 Ut
1930 1339 1946 1367 ‘
1969 1337 2243 1402 Apparent
2263 1338 2367 1388 rari
2387 1352 2515 1388 uana

1447 1420 1531 1465 tea
1561 1414 1615 1465 iu
1653 1415 1855 1480 gurgite
1898 1415 2080 1466 vasto!
2160 1415 2294 1465 Mihi
2334 1424 2511 1465 tamen

1445 1491 1642 1541 rectius
1663 1491 1779 1541 fore
1795 1491 2021 1554 videtur,
2039 1491 2081 1540 si
2098 1504 2339 1554 reponas,
2356 1491 2511 1542 Vara.-

1447 1564 1514 1615 de
1534 1580 1638 1632 qua
1656 1582 1786 1618 voce
1807 1568 1981 1617 multis
2012 1567 2095 1630 egi
2129 1566 2194 1614 ad
2233 1567 2509 1618 Nasonem.

1444 1640 1612 1692 Paulo
1637 1649 1755 1706 post
1779 1657 1872 1704 pro
1894 1641 2149 1692 Vindelicis
2165 1640 2329 1705 spoliis
2343 1641 2510 1706 prima

1441 1715 1527 1769 ed.
1562 1724 1620 1768 et
1652 1720 1831 1769 multae
1866 1718 2180 1769 membranae
2210 1718 2513 1770 Vandalicis:

1441 1809 1594 1859 quam
1631 1794 1903 1845 lectionem
1940 1794 2229 1859 approbare
2253 1793 2393 1843 visus
2429 1801 2510 1846 est

1440 1869 1656 1921 Marcus
1675 1870 1919 1920 velserus
1957 1871 2150 1919 Rerum
2180 1867 2506 1933 Augustanu-

1439 1961 1550 1997 rum
1575 1947 1829 2011 Historia,
1852 1962 1905 2011 p.
1931 1951 2043 1996 102.
2077 1946 2147 1995 D.
2172 1943 2345 1995 Heius.

1505 2029 1605 2074 416
1638 2024 1886 2074 Extremis
1905 2021 2185 2085 Britannis]
2220 2023 2370 2073 Ultra
2390 2022 2507 2075 illos

1439 2101 1580 2155 enim
1612 2101 1739 2151 nihil
1765 2103 1946 2150 Romae
1978 2099 2258 2151 serviebat.
2323 2098 2509 2163 Virgil.

1438 2177 1455 2204 ‘
1479 2178 1550 2226 Et
1571 2177 1779 2242 penitus
1802 2183 1916 2226 toto
1938 2174 2128 2225 divisos
2155 2173 2280 2225 orbe
2298 2175 2506 2227 Britan-

1436 2257 1568 2307 nos?
1599 2254 1780 2303 Barth.
2416 2292 2423 2299 .

1504 2332 1599 2378 417
1636 2328 1776 2379 Scato
1794 2328 1879 2378 dat
1901 2324 2067 2388 froena
2087 2324 2236 2390 mei]
2266 2325 2352 2376 De
2373 2324 2506 2375 Bar·

1437 2402 1582 2454 barie
1607 2410 1717 2455 tum
1732 2404 2010 2455 Scotorum
2031 2403 2155 2453 alibi
2176 2400 2506 2454 Claudianus.

1437 2482 1590 2532 Idem.

1501 2563 1598 2610 418
1632 2557 1775 2607 Picto
1797 2558 2044 2621 moriente]
2090 2555 2379 2621 Hujusdem
2397 2569 2504 2607 mo·

1437 2632 1509 2681 ris
1532 2647 1689 2697 supra
1707 2632 1845 2682 facta
1868 2634 2075 2683 mentio.
2108 2633 2256 2681 Idem.

1501 2713 1601 2759 419
1648 2708 1942 2774 Sycambn‘s]
1992 2708 2097 2758 Hic
2140 2706 2331 2758 milites
2372 2705 2505 2756 limi·

1435 2773 1580 2834 t'anei
1618 2784 1971 2847 designantur.
2010 2784 2075 2832 de
2099 2797 2315 2848 quornm
2352 2782 2504 2831 disci·

1434 2861 1583 2924 plina
1600 2868 1654 2912 et
1675 2860 1985 2910 fortitudine
2003 2859 2168 2908 multa
2189 2857 2240 2906 in
2260 2857 2505 2922 Panegy-

1433 2936 1575 2987 ricis.
1612 2938 1798 2987 Claetver.

1498 3017 1597 3063 420
1634 3014 1841 3077 Quoeque
1861 3014 2052 3062 domant
2077 3009 2264 3074 Cattos]
2293 3008 2381 3059 Sic
2406 3011 2505 3060 Lu-

1433 3104 1572 3139 cens.
1596 3096 1651 3139 et
1674 3088 1890 3153 Gyrald.
1915 3102 2032 3138 cum
2055 3086 2360 3135 Pulmanno.
2390 3085 2507 3136 Cae-

1436 3167 1538 3217 teri
1574 3166 1778 3217 codices
1815 3164 2047 3227 corrupti
2084 3168 2206 3212 aunt
2228 3161 2502 3211 maximam

1437 3240 1640 3306 p'artem
1665 3257 1678 3291 ε
1743 3242 1796 3290 in
1857 3239 2124 3292 Oiseliano
2184 3240 2364 3289 Cattos.
2431 3238 2502 3302 D.

1436 3320 1620 3371 Heius.

1500 3399 1599 3444 422
1635 3394 1851 3443 Rhenum
1883 3395 1980 3442 solo
2016 3392 2220 3455 terrore]
2250 3383 2394 3442 Alibi
2425 3392 2503 3442 in·

1437 3478 1522 3521 ter
1556 3486 1747 3523 summa
1770 3469 2019 3521 facinora.
2087 3469 2217 3530 Quis
2248 3467 2500 3519 domitum

1434 3546 1673 3597 meminit
1733 3546 1840 3594 sola
1892 3543 2165 3593 formidine
2232 3543 2519 3602 Rhenum?,

1435 3622 1613 3671 Barth.

1498 3706 1595 3752 423
1636 3702 1804 3751 Ullam
1825 3700 2081 3764 posteritas
2111 3700 2288 3764 credet]
2323 3700 2502 3752 credat

1435 3778 1581 3840 prior
1601 3776 1829 3827 Mer-eti:
1866 3776 2078 3826 rectius.
2143 3775 2212 3824 Et
2228 3789 2347 3824 mox
2356 3774 2504 3837 ferox

1429 3853 1595 3916 populi
1629 3845 1897 3916 eleganter
1934 3859 2186 3914 excerpta
2228 3851 2502 3908 Puteanea

1435 3930 1664 3980 secunde
1680 3944 1823 3978 casu.
1855 3930 1926 3978 D.
1946 3928 2121 3978 Heius.

1504 4005 1762 4056 Germania
1772 4008 2006 4068 quondum
2022 3996 2117 4055 Ina
2124 4004 2276 4065 ferox
2288 4002 2501 4068 populis]

1436 4081 1724 4131 Germanos
1761 4098 1792 4131 a
1833 4082 2166 4145 germinando
2202 4082 2372 4131 dictos
2393 4080 2502 4145 qui-

1434 4149 1555 4206 dam
1593 4163 1928 4207 autumaruut
1964 4164 2179 4223 propter
2216 4158 2417 4222 copiam
2442 4172 2501 4208 se

1434 4249 1642 4299 semper
1669 4234 2050 4297 subjicientem.
2119 4235 2288 4284 Ferox
2323 4239 2498 4283 autem

1434 4311 1655 4378 populus
1674 4311 1738 4362 ab
1760 4309 2004 4361 instituto
2040 4310 2162 4361 vitae
2200 4307 2407 4360 venatui
2443 4315 2501 4360 et
