2992 4925
1005 391 1104 440 nn
1151 391 1253 439 ιν.
1286 390 1514 446 ,οοιιιικ
1555 361 1862 465 norton..

395 543 488 592 m
520 538 789 604 Βώςὶοιιο]
825 538 1111 604 ,Persarum
1153 543 1211 587 et
1263 534 1390 587 Par·

336 618 535 672 &mun
554 630 735 679 regna.

337 693 345 706 '
393 695 543 758 Rapa]
572 693 802 754 vastari,
821 691 1048 756 spoliari.
1081 692 1259 743 Barth.

338 781 351 790 ·
392 773 488 818 2⁰2
520 768 765 833 Nnfieta
788 767 943 831 suga]
978 770 1146 821 Quam
1181 768 1386 818 simula-

333 844 454 896 bant
491 845 719 909 alioquin
749 859 816 895 ex
853 860 1015 896 more.
1079 845 1168 895 Sic
1204 844 1389 896 Parthi

334 922 633 987 plerumque
657 922 711 970 in
733 922 847 986 ipso
877 921 1062 980 ardore
1094 922 1389 972 certaminis

331 999 506 1063 praelia
528 986 795 1064 deserunt,
817 1013 880 1048 ac
917 999 1093 1063 paullo
1126 1006 1244 1064 post
1262 1015 1388 1064 pug-

327 1089 442 1125 nam
466 1090 531 1125 ex
566 1074 694 1139 fuga
716 1080 982 1140 repetunt,
1005 1083 1061 1125 et
1090 1090 1209 1125 cum
1233 1076 1392 1125 maxi-

327 1168 407 1203 me
424 1153 611 1203 vicisse
648 1161 703 1202 te
741 1159 914 1216 putes,
948 1158 1074 1202 tunc
1095 1152 1192 1202 tibi
1213 1151 1391 1202 discri-

327 1244 440 1280 men
460 1228 786 1280 subeundum
805 1234 901 1279 est.
936 1228 1088 1278 Idem.

387 1312 483 1359 204
516 1308 794 1357 Gemmatos
813 1306 1018 1356 Persida
1034 1305 1212 1371 cultu]
1252 1306 1387 1355 Lux-

327 1400 406 1436 um
441 1386 494 1435 in
532 1385 733 1435 vestitu
774 1383 1059 1433 Persarum
1102 1383 1392 1433 docuerunt

326 1461 513 1512 dudum
533 1463 869 1512 collectanea
891 1460 1195 1509 Doctorum.
1238 1459 1386 1512 Idm.

384 1544 477 1591 2⁰6
517 1539 594 1588 Ite
625 1552 716 1602 per
745 1543 1008 1587 extremum
1050 1535 1254 1600 Tanain]
1285 1536 1389 1586 Ubi

326 1613 436 1664 finis
477 1613 727 1676 fluminis,
777 1614 828 1663 in
883 1614 1222 1664 remotissima
1274 1614 1388 1664 loca

327 1691 530 1742 scilicet
549 1689 838 1740 Barbariae.
875 1691 1026 1740 Idem.

383 1773 481 1819 2⁰6
517 1769 597 1819 Ite
613 1781 702 1832 per
721 1770 965 1818 ardentem
985 1768 1212 1834 Libyam]
1242 1768 1387 1818 Malo

320 1851 546 1897 arentem.
579 1848 774 1897 Lucan.
796 1846 885 1897 lib.
900 1860 945 1895 1:
964 1846 980 1874 ⁸
997 1846 1207 1896 dubiam
1230 1859 1388 1909 super

325 1937 536 1988 aequora
587 1923 784 1988 Syrtim
840 1921 1193 1988 Arentemque
1245 1920 1388 1973 feror

326 2000 560 2066 Libyen?
592 2002 704 2054 scio
736 2008 912 2053 tamen
950 2007 1005 2053 et
1038 2003 1281 2052 ardentem
1303 1999 1388 2050 La·-

2349 373 2525 454 1322

1465 533 1606 601 Dyum
1621 550 1774 601 posse
1791 535 1915 586 dici.
1950 536 2021 586 D.
2048 535 2218 587 Heius.

1529 617 1628 663 208
1662 613 2128 680 Herculeumflnem]
2163 612 2271 664 Ubi
2299 611 2416 664 duae
2439 628 2525 665 co·

1463 689 1658 739 lumnae
1677 690 1936 741 Herculis.
2501 681 2507 687 ’

1532 767 1717 817 Bacchi
1734 766 1905 830 metas]
1936 767 2073 818 Vide
2086 766 2355 817 Valerium
2378 767 2527 818 Flac·

1467 858 1605 906 cum,
1623 844 1715 894 lib.
1737 858 1778 895 1.
1810 846 1988 895 Barth.

1531 922 1714 972 Bacchi
1733 923 2049 973 transcurrite
2084 923 2257 989 metas]
2310 913 2528 976 Q:‘cm··

1468 995 1601 1047 tius:
1630 998 1961 1048 Transierant
1982 999 2094 1062 jam
2139 998 2317 1048 Liberi
2360 998 2526 1064 patris

1469 1073 1750 1135 terminos,
1736 1089 1749 1102 ·
1784 1089 2000 1139 quorum
2034 1081 2368 1125 monumenta
2400 1076 2530 1141 lapi-

1468 1149 1562 1201 des
1581 1156 1734 1201 erant
1751 1151 1948 1201 crebris
1967 1153 2251 1203 intervallis
2270 1153 2534 1216 dispositi,

1469 1227 1786 1293 arboresque
1809 1242 2065 1291 procerae,
2086 1243 2304 1294 quarum
2323 1228 2529 1292 stipites
2611 1244 2616 1250 ’

1465 1303 1661 1353 bedera
1683 1311 2007 1354 contexerat.
2039 1304 2224 1355 Dario.

1533 1383 1629 1429 211
1654 1379 1802 1429 Indus
1818 1380 1953 1444 ebur]
1973 1380 2244 1431 Sidonius:
2256 1380 2365 1441 sert
2381 1380 2529 1432 Indus

1465 1457 1599 1521 ebur,
1625 1457 1873 1508 Chaldaeus
1892 1474 2140 1509 amomum.
2167 1517 2172 1522 ,
2196 1461 2429 1509 Daturas
2446 1475 2531 1511 ve-

1466 1548 1526 1584 ro
1559 1534 1650 1584 has
1680 1535 1977 1599 provincias
2000 1537 2124 1587 talia
2146 1538 2349 1587 nomine
2373 1538 2532 1588 vecti-

1466 1612 1657 1677 galium
1682 1612 2001 1678 principibus
2027 1616 2102 1665 ait
2123 1615 2457 1666 Claudianus.

1539 1690 1725 1740 Vellera
1744 1689 1908 1754 Sem]
1943 1690 2115 1740 Omne
2137 1692 2360 1741 sericum
2382 1690 2536 1755 rude,

1465 1781 1636 1833 neque
1659 1772 1883 1830 textum,
1903 1767 2204 1817 Velleribus
2226 1767 2412 1818 Poetae
2439 1759 2530 1818 no·

1467 1849 1602 1905 tant,
1624 1844 1760 1908 quod
1783 1843 1943 1894 instar
1958 1843 2182 1893 velleris
2199 1839 2419 1894 sericum
2444 1858 2530 1893 ar-

1465 1920 1678 1971 boribus
1699 1920 1910 1987 depecti
1936 1922 2144 1971 solitum
2178 1921 2315 1987 apud
2355 1923 2531 1986 Seras,

1466 2004 1528 2050 ut
1547 1995 1689 2049 mille
1714 2012 1892 2049 eorum
1911 1998 2012 2049 loci
2029 1997 2280 2051 indicant.
2318 1997 2496 2050 emh.

1321 2518 1536 2587 VIII.

380 2778 397 2799 ,
449 2726 615 2807 DE
674 2726 1122 2815 QUARTO
1178 2708 1823 2804 CONSULATU
1880 2692 2398 2835 HONom‘jt.

383 2914 580 2967 Euan
608 2918 696 2969 hic
734 2919 1093 2985 Panegyricus
1123 2934 1279 2971 manu
1308 2934 1393 2971 re·

325 2993 548 3043 centiori
580 2994 634 3043 in
673 2996 842 3060 primo
865 2995 1125 3047 Vaticano
1160 2996 1392 3061 adscrip-

324 3074 422 3122 tus.
495 3073 575 3122 D.
599 3073 773 3125 Heius.

330 3174 337 3181 ·
385 3154 414 3199 l
438 3149 688 3215 Auspiciis
711 3151 972 3217 regalibus]
1004 3151 1196 3217 Dignis
1216 3152 1390 3217 Impe-

326 3231 520 3277 ratore.
566 3225 771 3278 Alludit
787 3233 844 3278 et
863 3228 947 3279 bic
969 3235 1026 3280 et
1047 3228 1171 3280 alibi
1192 3243 1389 3280 morem

324 3303 515 3354 stantis
535 3303 861 3369 Reipublicae
899 3306 1167 3371 Romanae,
1202 3302 1388 3371 magis-

324 3385 493 3435 tratus
516 3380 654 3430 enim
687 3382 912 3447 maJores
946 3384 1235 3448 auspicato,
1266 3397 1390 3433 con·

331 3454 479 3506 sultis
532 3456 781 3506 nimirum
815 3457 1018 3523 avibus,
1059 3459 1388 3510 creabantur.

328 3529 461 3581 Vide
484 3531 741 3594 Gellium,
762 3534 799 3585 1.
821 3545 948 3587 xm.
972 3551 1020 3587 c.
1043 3540 1123 3588 14.
1190 3536 1391 3602 Majes·

322 3613 441 3658 -tate
449 3608 620 3673 Regia
628 3610 886 3675 Tempora
899 3612 1110 3677 aperiri,
1122 3620 1179 3664 et
1193 3627 1392 3664 summa

330 3671 448 3732 έιιιιι
474 3681 775 3738 festivitate
814 3700 1001 3736 novum
1041 3702 1229 3737 annum
1267 3684 1393 3737 iuci-

322 3772 456 3822 pere
477 3761 575 3824 ait,
595 3760 679 3811 cui
701 3776 800 3827 pro
817 3761 1132 3814 felicissimis
1152 3763 1394 3829 auspiciis

330 3835 397 3885 sit
419 3836 647 3901 Augusti
665 3837 885 3888 nominis
904 3839 1106 3891 titulus.
1162 3839 1393 3906 ‘-Auspi

333 3913 416 3964 cia
450 3928 701 3965 annorum
732 3930 767 3964 a
792 3915 1108 3967 Consulibus
1143 3918 1274 3968 sumi
1313 3933 1393 3968 so-

330 3989 469 4052 lita‚'
507 3997 693 4042 auctor
713 3997 799 4041 est
819 3993 1175 4058 Cassiodorus,
1211 3996 1305 4046 lib.
1324 4009 1390 4046 ιι.

335 4064 503 4130 Epist.
532 4072 582 4118 1.
646 4069 863 4132 Regalis
898 4067 1176 4134 Auspicia,
1211 4072 1393 4122 Fortu-

333 4155 471 4209 nam,
500 4134 827 4197 Felicitatem
875 4147 1123 4213 Principe
1159 4149 1393 4199 Romano

337 4219 543 4286 diguam
565 4228 770 4274 notant.
834 4225 1016 4275 Barth.

1468 2921 1609 2971 latus
1645 2918 1831 2969 incidit
1867 2919 1919 2968 iu
1954 2932 2142 2968 annum
2182 2920 2296 2967 ⁸98.
2330 2915 2534 2980 collega

1471 2996 1588 3061 ejus
1624 2995 1726 3046 fuit
1748 2994 2121 3059 Eutychianus,
2140 3006 2294 3058 quem
2325 2997 2380 3040 et
2402 3003 2533 3054 ιιι-ω-

1470 3071 1678 3122 sectura
1732 3070 1980 3120 Praetorii
2033 3066 2367 3119 honestavit:
2435 3064 2531 3115 snb

1466 3145 1608 3198 idem
1645 3153 1853 3211 tempus
1892 3146 2053 3196 Gildo
2089 3145 2234 3210 Mag.
2259 3143 2532 3211 utriusque

1464 3225 1667 3276 militiae
1689 3238 1785 3289 per
1807 3222 2040 3274 Africam
2061 3236 2185 3271 vere
2208 3222 2421 3271 ineunte
2444 3233 2533 3269 ex·

1416 3292 1692 3353 stinctus
1712 3306 1814 3365 est,
1837 3305 2110 3365 postquam
2127 3297 2389 3349 Honorius
2406 3293 2535 3344 dux·

1466 3380 1596 3430 isset
1659 3379 1889 3428 Mariam
1971 3375 2269 3427 Stilichonis
2335 3371 2531 3459 filiam.

1470 3459 1657 3508 elaver.

1462 3544 1472 3552 ·
1533 3530 1726 3594 Annae]
1788 3530 1961 3580 Tanta
1993 3529 2130 3580 euim
2153 3532 2269 3578 erat
2286 3525 2532 3576 Consula-

1470 3615 1557 3658 tus
1578 3607 1828 3672 dignitas,
1861 3612 1921 3654 ut
1958 3605 2040 3655 vel
2074 3604 2175 3669 ipsi
2213 3602 2386 3667 Impp.
2417 3615 2533 3652 eam

1473 3686 1772 3738 ambierint.
1843 3684 1995 3734 Idem.

1539 3763 1654 3815 Sene
1690 3775 1838 3812 unm
1880 3757 2072 3822 Induit]
2137 3755 2459 3808 Assimilatio
2501 3769 2534 3805 a

1470 3839 1730 3903 Serpeute
1774 3835 1984 3885 exuvias
2026 3838 2233 3884 veteres
2282 3837 2535 3896 ponente,

1471 3927 1659 3963 novam
1695 3912 1890 3978 pellem
1928 3912 2199 3963 induente.
2255 3909 2436 3960 Induit
2458 3923 2535 3973 se,

1472 3989 1564 4055 qui
1600 3989 1852 4041 adsciscit
1871 3989 2092 4039 formam
2123 3988 2322 4037 aliam.
2357 3984 2536 4067 Virgi-

1470 4067 1607 4118 lius:
1641 4069 1657 4097 ⁸
1683 4081 1799 4118 cum
1820 4081 1878 4117 se
1902 4081 2010 4117 nux
2040 4064 2264 4130 plurima
2285 4062 2427 4115 silvis
2444 4050 2532 4112 Iu*-

1474 4146 1625 4197 duit
1611 4160 1664 4196 m
1686 4144 1899 4196 florem?
1964 4145 2138 4195 Acute
2178 4156 2300 4193 saue
2323 4142 2540 4201 dictum,

1473 4238 1664 4274 annum
1685 4237 1745 4273 se
1774 4221 2010 4284 induere,
2031 4220 2196 4287 quiin
2217 4235 2272 4270 se
2291 4234 2359 4269 ex
2379 4233 2435 4268 se
2454 4230 2535 4268 re-

329 4317 345 4339 ’-
392 4297 657 4368 m
674 4299 785 4368 4³0]
835 4299 941 4354 Hic
957 4301 1181 4355 Houorii
1200 4303 1397 4358 Consu·
1458 4301 1720 4355 *voti-stur.
1765 4299 1931 4355 Dicas
1953 4310 2147 4352 anuum
2163 4296 2322 4355 etism
2354 4294 2533 4350 selte-
