2992 4925
32 4876 159 4898 .—

905 401 913 410 .
1006 341 1123 412 m*
1148 350 1620 416 nurnormul
1645 345 1794 410 ma.
1833 362 1885 412 1.
1909 375 1918 382 ·

2371 341 2548 418 lm

340 495 906 566 opinonlegi’debere:
938 511 1049 552 am
1069 517 1175 565 quoe
1196 505 1300 554 lam
1317 501 1409 552 bel-
1484 502 1704 556 tsbant?
1734 513 1951 569 quarum
1972 513 2094 567 nna,
2113 510 2230 569 quae
2253 505 2546 570 concipien-

336 574 642 702 tssglelmatur
664 575 892 626 Mollibus
910 577 1158 643 auspiciis,
1178 592 1272 643 pro
1280 579 1404 641 ,iun-

396 665 696 780 3“umigatus
708 732 830 793 quod
843 730 993 782 ambit
1018 730 1251 794 Oceanus]
1282 730 1406 784 Am·

340 802 471 856 latio
494 804 745 856 Romana.
779 807 957 858 Barth.

1484 579 1540 629 di
1575 579 1747 630 studio
1787 585 2026 638 venerat,
2053 594 2167 630 eum
2194 578 2551 632 Alexandrum

1481 657 1754 719 salutaret,
1774 656 1967 707 donata
1997 656 2227 718 tibicine,
2266 665 2324 706 ut
2359 665 2568 722 magno

1483 734 1980 796 munere,gratulata
1992 733 2263 783 discessit.’
2290 735 2357 783 D.
2369 735 2543 792 Heius.

1548 815 1645 859 5⁰0
1681 812 1812 867 Quid
1847 812 2031 860 vincere
2063 810 2254 874 differt]
2303 811 2415 860 Imo
2452 811 2548 874 dif-

406 883 505 930 49³
542 882 756 945 Culcuri]
804 871 1009 948 Spei-ni,
1041 861 1303 948 projecturi
1323 888 1408 936 ha·
1470 885 1579 948 fers
1595 900 1718 936 ¹cum
1747 886 1926 936 libris:
1962 887 2098 937 vidit
2125 888 2406 938 ·Barthius.·
2455 889 2547 939 Se-

342 956 477 1007 beri.
532 957 603 1007 D.
644 958 856 1010 Hieron.
923 959 1050 1009 Vita
1093 961 1405 1012 Hilarionis:

341 1034 358 1061 4
383 1048 485 1098 ego
505 1034 631 1092 nillil
665 1034 740 1085 ita
767 1041 976 1100 stupeo,
1012 1051 1163 1101 quam
1196 1039 1409 1101 gloriam

339 1109 486 1160 illum
526 1118 582 1161 et
622 1111 866 1162 bonorem
905 1114 1109 1164 calcare
1146 1116 1407 1178 potuisse!

345 1184 500 1238 Idem.

405 1263 549 1312 Bella
564 1264 813 1328 ger-umus]
840 1266 889 1315 N
894 1266 1203 1332 unser-amus,
1226 1268 1409 1330 scripti

345 1340 610 1404 potiores:
644 1356 763 1390 mox
790 1358 882 1406 pro
913 1348 997 1392 aut
1030 1360 1132 1407 quoe
1160 1344 1409 1408 connubia,

343 1417 512 1467 Vatie.
536 1432 639 1480 «ιω
655 1418 781 1478 jum,
803 1434 918 1468 cum
944 1420 1110 1469 tribus
1132 1422 1244 1470 aliis
1269 1438 1282 1471 ι
1324 1422 1409 1472 de-

342 1491 463 1541 inde
487 1494 559 1541 vel
581 1491 780 1556 frugem
810 1509 904 1559 pro
926 1501 1008 1550 aut
1029 1496 1185 1547 iidem
1206 1499 1408 1562 scripti,

344 1574 401 1618 et
423 1570 584 1617 latum
612 1583 742 1631 seges
774 1570 962 1635 Isingr.
994 1571 1148 1636 prim.
1165 1574 1406 1624 Vatican.

343 1651 397 1694 et
418 1644 664 1695 Muzarin.
700 1653 761 1696 ut
782 1662 969 1711 supra:
1004 1650 1021 1677 ‘
1045 1651 1187 1699 nulla
1224 1652 1408 1701 colono

344 1719 681 1787 Responsura
703 1732 888 1789 seges.’
917 1728 989 1778 D.
1010 1728 1181 1780 Heius.
1252 1781 1259 1790 ,

405 1802 505 1850 494
538 1801 765 1858 Mollibus
783 1803 1033 1867 auspiciis]
1086 1807 1270 1858 Ductu
1308 1808 1408 1857 Eu-

340 1875 644 1948 nachot-um.
696 1879 883 1942 Molles,
900 1887 1020 1931 sunt
1038 1882 1296 1948 Eunuchi,
1318 1894 1411 1934 aut

332 1953 520 2017 ,turpia
542 1954 822 2017 patientes.
857 1956 1036 2010 Barth.
1108 1971 1117 1977 ‘

405 2034 505 2083 496
552 2031 782 2095 Plenum]
844 2034 1132 2099 Maturum,
1175 2035 1411 2101 frugibus

342 2105 410 2158 ud
441 2120 590 2156 usum
627 2106 826 2158 idoneis
859 2110 1088 2174 plenum,
1123 2113 1409 2176 gravidum.

342 2181 428 2232 Sic
482 2182 700 2247 implere
748 2191 853 2240 ,est‘
889 2187 1160 2250 gravidum
1212 2186 1410 2238 facere.

345 2257 567 2309 Ovidius
606 2260 674 2310 de
711 2261 874 2312 Peleo
914 2269 968 2312 et
1005 2264 1259 2315 Thetide:
1295 2267 1311 2293 ‘
1336 2265 1411 2314 in·

330 2336 591 2402 ‚gentique
609 2338 795 2402 implet
819 2339 1060 2391 Achille.’
1090 2342 1242 2395 Idem.

406 2413 506 2464 499
537 2413 795 2465 Amazonio
814 2416 939 2482 ritu]
983 2418 1283 2470 Promiscue
1305 2435 1413 2471 mu-

332 2487 561 2543 ‚neribus
582 2490 709 2541 viris
730 2492 1129 2545 dominantibus.
1164 2498 1314 2550 Idem.

409 2567 671 2618 Amazonio
694 2569 884 2631 confusa
905 2571 1097 2621 licenda
1127 2573 1253 2637 ritu]
1304 2573 1414 2637 Gy-

343 2643 480 2693 rald.
505 2650 562 2694 et
580 2646 797 2696 Lucens.
812 2647 980 2698 sistro:
1006 2648 1233 2711 optime3
1259 2663 1415 2714 quan-

343 2735 501 2784 quam
545 2722 805 2785 vulgatam
844 2722 1121 2773 lectionem
1160 2725 1264 2773 ista
1298 2725 1414 2775 Sta-

344 2796 491 2846 tiana
527 2812 597 2847 ex
633 2796 820 2849 Achill.
856 2813 916 2848 11.
951 2798 1194 2850 videntur
1232 2799 1415 2851 confir·

329 2887 518 2941 ⁸utare:
571 2873 587 2900 4
611 2887 887 2939 arcumque
931 2876 1158 2925 animosa
1199 2877 1415 2939 petebat

343 2948 529 3013 Ferre,
553 2955 610 2999 et
630 2949 910 3001 Amazonio
942 2951 1196 3002 connubia
1219 2954 1414 3017 pellere

344 3025 488 3077 ritu?
555 3028 662 3076 Sed
696 3042 798 3077 non
837 3028 1039 3093 dubito,
1079 3031 1221 3094 quin·
1248 3033 1414 3081 altera

342 3104 602 3167 scriptura
634 3105 704 3157 sit
737 3121 768 3154 a
801 3106 1029 3155 secunda
1066 3121 1220 3157 manu
1256 3108 1413 3171 ipsius

347 3179 641 3231 Claudiani.
708 3179 997 3233 Amazonas
1021 3182 1186 3232 sistris
1209 3184 1258 3232 in
1278 3183 1414 3233 bello

334 3246 463 3306 ”usas
507 3257 595 3321 qui
639 3264 850 3306 moneat
900 3273 1003 3306 non
1060 3259 1183 3319 scio,
1224 3267 1417 3323 praeter

347 3334 505 3381 unum
550 3331 808 3383 Isidorum
857 3332 1011 3396 Orig.
1050 3347 1112 3383 ιι.
1146 3338 1245 3384 21.-
1280 3336 1417 3384 ‘Sis-

348 3416 487 3465 trum
526 3408 593 3458 ab
641 3408 930 3462 inventrice
983 3416 1238 3460 vocatum.
1321 3411 1419 3460 Isis

349 3485 486 3534 enim
529 3485 898 3548 AEgyptiorum
943 3486 1131 3548 regina·
1163 3486 1235 3535 id·
1261 3501 1420 3550 genus

332 3560 609 3617 ‚invenisse
644 3560 966 3625 perhibetur.
1045 3562 1179 3611 Inde
1225 3569 1280 3611 et
1325 3564 1420 3612 hoc

349 3639 594 3688 mulieres
634 3639 960 3702 percutiunt,
1001 3639 1121 3702 quia
1158 3639 1421 3689 inventrix

349 3713 504 3778 hujus
542 3716 752 3779 generis
790 3721 873 3765 est
908 3715 1110 3764 mulier.
1179 3715 1332 3765 Unde
1366 3710 1423 3764 et

336 3791 488 3855 *apud
515 3790 804 3840 Amazonas
841 3792 995 3841 sistro
1028 3790 1094 3839 ad
1119 3792 1307 3841 bellum
1332 3790 1420 3840 foe-

352 3866 603 3916 minarum
615 3867 873 3917 exercitus
883 3865 1202 3916 vocabatur?
1233 3867 1420 3931 AEgyp-

353 3941 452 3992 tios
473 3942 684 4008 quidem
724 3943 885 3991 sistris
919 3944 972 3991 in
1010 3942 1149 3991 bello
1185 3958 1300 3992 usos
1334 3956 1421 3991 no·

354 4010 479 4071 timu.
500 4019 623 4071 hinc
640 4020 767 4074 illud
786 4020 1017 4071 Maronis
1031 4019 1095 4069 de
1111 4020 1419 4083 Cleopatra:

353 4092 370 4120 ‘
391 4095 562 4160 patrio
595 4103 753 4143 vocat
791 4096 996 4158 agmina
1037 4096 1190 4146 sistro
1208 4094 1238 4144 :'
1281 4096 1417 4144 Mar-

348 4169 532 4225 cianus
579 4170 812 4235 Capella,
850 4171 938 4220 lib.
970 4184 1046 4221 ix.
1090 4174 1293 4223 calamos
1330 4173 1423 4223 dat

357 4244 722 4311 Amazonibus,
742 4261 842 4299 non
864 4248 1030 4297 sistra.
1064 4249 1079 4275 ‘
1106 4248 1244 4301 Quid
1269 4247 1422 4299 Ama-

352 4324 534 4374 zones?
568 4337 742 4377 nonne
778 4322 845 4371 ad
875 4323 1101 4374 calamos
1122 4338 1266 4375 arma
1286 4331 1420 4375 trac-

1483 962 1663 1027 quenti
1684 977 1855 1025 versu,
1873 978 1971 1027 pro
1994 969 2176 1013 certare
2202 967 2364 1029 pudet,
2393 966 2546 1030 prim.

1482 1038 1658 1088 Vatic.
1680 1038 1842 1088 Oisel.
1866 1045 1922 1087 et
1951 1039 2148 1089 Mazar.
2172 1039 2346 1102 sugis.-
2380 1048 2546 1093 recte.

1484 1113 1997 1178 Rottendorpbianus
2022 1114 2205 1177 fugas.-
2238 1114 2400 1165 infra:
2437 1120 2452 1145 ‘
2472 1118 2546 1167 Et

1483 1196 1540 1238 te
1574 1204 1710 1239 nunc
1744 1191 1950 1253 inopem
1992 1189 2136 1239 dives
2160 1206 2332 1239 amare
2353 1190 2487 1256 fugit
2512 1191 2547 1242 ε’

1483 1266 1559 1316 sic
1604 1267 1846 1329 scriptus·
1913 1266 2070 1315 Ovid.
2117 1268 2215 1331 Ep.
2263 1268 2546 1332 Deianirae,

1484 1335 1561 1391 v's.
1601 1347 1683 1391 ⁷5.
1730 1343 1745 1371 4
1775 1343 1895 1391 Non
1933 1341 2086 1407 fugis,
2123 1342 2331 1404 Alcide,
2373 1344 2548 1395 victri-

1484 1435 1599 1469 cem
1623 1419 1763 1469 mille
1784 1419 2015 1470 laborum
2048 1419 2310 1470 Rasilibus
2332 1421 2549 1471 calathis

1482 1496 1791 1560 imposuisse
1828 1500 2087 1546 manum:'
2123 1512 2250 1561 ,quae
2295 1496 2548 1547 membra·
2585 1549 2594 1552 ,

1484 1586 1666 1620 narum
1691 1572 1873 1622 lectio:
1905 1572 1989 1621 nbi
2011 1575 2182 1635 plura:
2210 1575 2363 1637 vulgo
2376 1576 2552 1637 pudet,-

1482 1649 1555 1698 sic
1577 1651 1592 1679 4
1617 1647 1743 1713 fuge
1761 1650 2014 1714 quaerere'
2034 1658 2089 1700 et
2111 1653 2124 1677 ‘
2146 1649 2266 1715 fuge
2282 1651 2547 1715 suspicari²

1485 1727 1625 1792 apud
1651 1726 1945 1778 Horatium.
1980 1729 2150 1777 Idem.·

1550 1807 1645 1856 501
1679 1804 1811 1853 Dum
1826 1803 1997 1867 pudet]
2043 1803 2205 1852 Paria
2226 1803 2293 1852 de
2319 1802 2549 1865 Gildone

1485 1885 1541 1929 et
1583 1879 1837 1946 Honorio,
1881 1879 2037 1928 Bello*
2069 1879 2211 1928 Gild.
2264 1880 2280 1906 ‘
2304 1879 2550 1953 decurret

1485 1955 1749 2005 Honorius
1772 1954 1910 2018 inde,
1931 1954 2071 2004 Hinc
2091 1954 2250 2003 Gildo
2271 1954 2306 2002 ?'
2338 1955 2518 2006 Barth.

1478 2081 1487 2088 ‚
1551 2031 1871 2098 lim-Conscia
1887 2029 2047 2093 terga]
2080 2030 2328 2082 Salustius
2345 2045 2386 2096 ,¹-
2406 2031 2549 2081 Hist.

1484 2106 1502 2134 4
1529 2106 1734 2156 abunde
1768 2107 2063 2164 libertatem
2100 2108 2201 2157 rati
2237 2107 2368 2172 quia'
2387 2108 2549 2173 tergis

1479 2183 1814 2239 abstinetur!
1849 2185 1998 2234 Idem.

1552 2265 1649 2311 608
1688 2261 1755 2310 Ut
1777 2260 1977 2324 Scytha]
2010 2260 2092 2310 De
2110 2258 2315 2323 Scythis
2336 2259 2550 2324 pulchre

1482 2343 1608 2402 post
1631 2335 1759 2388 alios
1783 2336 2108 2400 Nicephorus
2132 2336 2410 2399 Gregoras‚
2442 2350 2551 2386 om,

1485 2415 1630 2465 nium
1665 2414 1961 2482 aequiorum
1995 2412 2297 2464 Graecitatis
2333 2416 2555 2477 scripto·

1486 2508 1600 2543 rum
1622 2491 2019 2543 cordatissimus.
2087 2491 2373 2540 Historiam
2397 2490 2552 2544 istam

1487 2569 1631 2635 legas
1646 2568 1784 2633 apud
1795 2568 2055 2631 lustinum
2067 2581 2130 2617 11.
2150 2565 2403 2616 Herodot.
2421 2565 2459 2615 l.
2469 2578 2554 2617 iv.

1488 2651 1587 2698 ὅτε.
1627 2648 1779 2696 Idem,

1552 2727 1650 2772 509
1682 2721 1881 2772 smilis
1906 2720 2073 2784 pubes]
2126 2719 2348 2769 Consule
2385 2718 2553 2781 susti„-

1490 2813 1611 2848 num
1634 2804 1690 2848 et
1713 2798 1940 2847 Florum.

1555 2878 1651 2927 512
1688 2874 1846 2923 Notus
1877 2870 2065 2934 horror]
2099 2869 2184 2920 Ab
2208 2871 2333 2934 ipsis
2356 2871 2554 2922 scilicet

1489 2949 1775 2999 cunabulis.
1841 2950 2032 3011 Flagra
2053 2947 2189 2996 enim
2213 2962 2379 3011 poenae
2398 2947 2558 2997 servi·

1486 3027 1577 3077 les.
1609 3027 1786 3075 Barth.
1828 3068 1834 3074 .
2387 3030 2391 3034 “

1553 3107 1649 3152 513
1686 3100 2053 3151 Adstrictussub
2074 3099 2260 3149 verbere
2282 3100 2464 3163 torpuit
2478 3115 2558 3151 en·

1489 3179 1577 3241 sis]
1635 3178 1718 3227 Ita
1752 3185 1855 3228 tres
1896 3177 2034 3227 libri.
2102 3177 2260 3226 Ovid.
2301 3178 2441 3226 Fast.
2480 3191 2556 3230 ιν.

1491 3255 1706 3319 ‘Atque
1752 3254 1934 3319 aliquis
1976 3255 2193 3317 cupiens
2235 3253 2422 3319 vagina
2466 3253 2557 3302 dn·

1492 3345 1613 3380 cere
1636 3330 1828 3379 ferrum
1846 3330 2169 3381 Adstrictum
2188 3329 2341 3392 longa
2363 3328 2557 3385 sentiat

1493 3422 1604 3456 esse
1644 3405 1821 3456 mora?
1885 3407 2022 3455 Stat.
2050 3405 2207 3455 Theb.
2229 3419 2317 3461 ιιι.
2352 3408 2366 3432 4
2389 3413 2555 3457 motos

1494 3483 1689 3547 capulis
1711 3482 2057 3546 adstringeret
2080 3481 2262 3537 enses.’
2314 3482 2559 3545 Isingrini

1498 3567 1667 3608 tamen
1702 3558 1867 3607 codex
1908 3567 1962 3606 et
2000 3565 2121 3607 octo
2160 3559 2264 3619 alii,
2303 3561 2559 3616 adductus-⁶

1495 3636 1650 3685 etiam
1693 3634 1873 3698 probe,
1913 3643 2172 3693 annuente
2211 3643 2266 3684 et
2305 3636 2554 3691 Barthio:

1495 3710 1749 3775 quomodo
1766 3716 1821 3758 et
1843 3709 2037 3772 primus
2060 3711 2342 3769 Vaticanus
2366 3726 2458 3774 pro
2482 3712 2558 3768 di-

1496 3800 1644 3834 versa
1663 3785 1916 3845 lectione;
1953 3788 2043 3848 qui
2080 3787 2129 3833 in
2164 3786 2275 3848 ipso
2312 3794 2559 3844 contextu

1495 3861 1730 3910 addictis.-
1775 3861 1924 3909 multi
1959 3861 2201 3918 abductus.
2271 3862 2560 3927 Oiselianus

1495 3938 1688 3991 addida
1706 3938 1789 3986 sub
1810 3937 1995 3987 verbere
2015 3939 2191 4000 corruit
2206 3939 2345 3996 ensis.
2402 3940 2560 3991 Educ.-

1496 4020 1574 4065 tnw
1608 4014 1802 4063 frustra
1839 4030 1870 4063 a
1914 4015 2095 4064 Delrio
2134 4005 2446 4078 castigatur:
2483 4014 2562 4067 sic

1498 4095 1711 4141 adducta:
1732 4092 1942 4154 hubenae,
1969 4093 2105 4156 apud
2132 4091 2330 4154 poetas.
2400 4090 2561 4147 Ovid.

1494 4168 1510 4194 4
1537 4168 1864 4233 adductaque
1896 4169 2045 4220 clava
2068 4167 2285 4217 trinodis
2308 4167 2416 4220 Ter
2438 4180 2564 4231 qua-

1503 4252 1584 4294 ter
1606 4243 1809 4293 adversi
1833 4243 2044 4297 sedit-in
2065 4258 2156 4292 ore
2181 4239 2314 4312 viri!
2376 4242 2557 4297 Clave-

1501 4320 1608 4369 rius
1630 4319 1850 4369 addictus
1878 4319 2029 4371 malit
2049 4334 2158 4385 pro
2174 4319 2383 4382 servili,
2419 4318 2558 4386 quod
