2992 4925
1098 409 1678 461 Emonsssmt‘m.

2329 391 2498 458 me

1297 721 1486 791 LIV.

711 939 778 1003 4.
826 937 1177 1025 Descriptio
1207 937 1501 1005 Armenti
1519 964 1540 1005 .·
1587 938 2047 1029 Fragmentum.

290 1125 299 1130 '
350 1123 383 1168 3
419 1119 479 1169 In
494 1120 716 1186 gurgite]
773 1124 943 1177 Quem
965 1122 1095 1174 facit
1123 1124 1196 1174 ibi
1218 1123 1350 1175 fons.

279 1193 489 1246 Plinius
504 1196 748 1249 Caecilius
770 1200 860 1249 lib.
873 1214 998 1251 vm.
1021 1197 1188 1265 Epist.
1206 1204 1252 1251 8.

349 1278 384 1323 4
419 1273 514 1323 Pia
554 1279 663 1325 vota
693 1277 829 1340 Jom]
884 1278 1087 1328 Votivae
1127 1278 1351 1343 pecudes

279 1347 358 1399 ibi
384 1349 528 1413 iotae,
550 1359 767 1417 propter
784 1353 1118 1418 miraculum;
1151 1354 1350 1406 fiebant

280 1430 425 1479 enim
446 1428 579 1479 albae
601 1431 806 1484 exinde.
844 1434 1022 1485 Barth.

347 1512 380 1555 5
417 1508 530 1557 Non
565 1507 710 1571 tales]
758 1509 878 1561 Jovi
910 1511 1014 1575 ipsi
1054 1512 1106 1561 in
1145 1518 1347 1562 taurum

279 1590 487 1635 mutato
510 1585 737 1649 speciem
774 1587 853 1637 sui
888 1587 1109 1638 armenti
1131 1586 1349 1653 praefert

282 1660 476 1712 Poeta.
510 1661 658 1712 Idem.
876 1698 883 1702 -

338 1737 466 1800 ,Non
486 1737 626 1800 tales]
661 1738 791 1787 Talis
807 1752 923 1788 cum
947 1737 1179 1803 scriptis:
1188 1746 1345 1805 atque

281 1815 362 1863 ita
379 1814 623 1879 Barthius
643 1807 865 1880 quoque.
900 1816 1100 1865 Versu
1116 1813 1348 1888 secundo

281 1892 460 1942 malim
499 1894 758 1956 tergemino
794 1894 1037 1958 Gerionoe,
1070 1909 1225 1960 quam
1249 1893 1347 1944 Ge·

279 1970 445 2027 riom3
476 1970 561 2020 sic
586 1971 721 2020 enirn
740 1970 1086 2036 loquebantur
1107 1969 1344 2021 veteres:

283 2045 425 2109 apud
447 2045 754 2096 Maronem
741 2062 795 2096 m
792 2046 1020 2111 optimis
1034 2045 1348 2097 memiiranis

288 2123 562 2187 Tergemini
580 2138 693 2174 noce
713 2123 953 2175 Gerionoe.
985 2125 1053 2174 D.
1077 2124 1261 2175 Heius.

349 2204 384 2249 6
415 2200 647 2263 Reveoeit]
678 2199 874 2250 Avexit
891 2200 1085 2264 potius.
1120 2201 1357 2253 Barea.

345 2280 378 2325 7
413 2277 525 2326 Noa
551 2277 784 2341 Cretoeus]
837 2277 1034 2327 Fabula
1064 2275 1347 2341 Pasiphaes

282 2352 563 2405 formosum
602 2360 804 2403 taurum
843 2354 1058 2404 amantis
1103 2352 1349 2417 intelligi-

279 2436 393 2481 tur.
430 2430 578 2482 Idem.

288 2526 301 2545 ε’
351 2514 384 2558 8
415 2509 612 2560 Similes
646 2510 833 2574 paverit
876 2510 967 2559 Ida
989 2507 1153 2572 seras]
1203 2509 1350 2559 Feros

284 2585 690 2650 Rottendorphii
734 2585 919 2648 codex,
969 2591 1027 2636 et
1076 2585 1348 2636 Palatinus

285 2677 405 2713 cum
438 2653 742 2724 Oiseli‘ano3
781 2662 1004 2712 rectius·
1059 2662 1126 2711 de
1158 2676 1260 2726 quo
1282 2662 1349 2711 ad

284 2739 584 2790 Nasonem.
629 2739 827 2789 monuit
869 2743 925 2788 et
957 2737 1219 2788 Barthius.
1273 2737 1349 2787 D.

336 2894 525 2960 Feros]
579 2893 696 2943 Feri
716 2892 862 2955 tauri,
872 2892 1031 2941 „velut
1057 2890 1350 2955 speciatim,

284 2969 414 3021 licet
437 2970 625 3034 saepius
645 2970 772 3034 equi.
803 2969 992 3018 Barth.

294 3052 386 3098 ,9
418 3048 638 3097 Monstro
664 3043 1095 3112 diffiusiaarhu]
1145 3043 1350 3094 siena-

287 3122 628 3189 phelengius3
671 3123 824 3187 vulgo
846 3121 1084 3186 diffisus.-
1116 3133 1246 3171 nnus
1283 3134 1350 3168 ex

286 3199 496 3250 nostris
527 3198 773 3259 confusus:
811 3198 999 3264 reliqui
1051 3197 1351 3256 comuni-ssu&

288 3276 500 3341 optime.
540 3275 769 3340 Epithal.
803 3275 942 3326 Hon.
985 3274 1001 3303 ‘
1022 3275 1140 3326 Qua
1160 3272 1350 3323 Pristis

287 3354 559 3405 commissa
579 3352 727 3404 viro?
767 3352 1012 3404 Manilius
1036 3351 1128 3404 lib.
1147 3365 1187 3402 1.
1219 3350 1236 3379 ‘
1258 3349 1349 3400 du-

1344 2459 1351 2475 ·
1425 2434 1647 2484 Lucens.
1669 2437 1726 2483 et
1748 2431 1943 2482 Lovan.
1965 2441 2033 2480 ex
2059 2425 2272 2481 nostris.

1432 1124 1559 1190 plici
1600 1124 1889 1176 Centaurus
1926 1124 2150 1189 imagine
2171 1124 2344 1190 fulget
2359 1121 2516 1177 Pars·

1429 1202 1665 1265 hominis,
1728 1208 1875 1267 tergo
1942 1209 2126 1267 pectus
2195 1201 2493 1252 commissus

1430 1278 1659 1346 equino.’
1694 1278 1807 1330 Lib.
1822 1294 1887 1329 ιι.
1909 1280 1973 1330 de
1997 1280 2179 1330 eodem
2194 1278 2488 1331 Centauroz

1427 1357 1444 1385 ‘
1464 1357 1603 1409 Quoi
1626 1357 1926 1408 commissus
1948 1358 2101 1407 homo
2128 1355 2243 1420 est,’
2280 1361 2338 1406 ut
2357 1355 2493 1405 bene

1429 1434 1560 1500 legit
1616 1434 1860 1497 Scaliger.
1927 1430 2268 1484 Germanicus
2316 1428 2496 1482 Caesar

1428 1510 1672 1561 Arateis:
1707 1510 1876 1561 ‘Sunt
1914 1509 2073 1559 etiam
2103 1507 2321 1558 flammis
2359 1520 2495 1557 com·

1427 1588 1571 1638 missi
1628 1587 1871 1639 immania
1908 1586 2141 1640 membra
2190 1583 2495 1635 Centauri?

1427 1666 1564 1714 male
1600 1664 1757 1727 vulgo
1783 1664 2042 1713 commissa.
2109 1662 2196 1712 Sic
2217 1667 2272 1713 et
2288 1662 2306 1691 ‘
2331 1675 2493 1728 equos

1429 1739 1721 1790 hominibus
1763 1739 2033 1803 implexos’
2071 1740 2361 1789 Centauros
2396 1738 2497 1788 Mi·

1428 1816 1612 1866 nucius
1661 1815 1812 1865 Felix
1843 1813 2098 1865 Octavio.
2182 1814 2440 1865 Ausonius
2475 1829 2489 1863 z

1427 1891 1630 1957 ‘Scylla
1646 1891 1855 1955 triplex,
1866 1890 2132 1941 commissa
2141 1890 2327 1955 tribus,
2344 1904 2495 1954 cane,

1427 1968 1650 2032 virgine3
1670 1967 1849 2032 pisce?
1879 2019 1890 2025 ,
1914 1963 2098 2031 virgil.
2134 1968 2151 1998 ‘
2170 1967 2494 2036 Delphinum

1429 2045 1623 2096 caudas
1645 2051 1797 2095 utero
1815 2044 2080 2095 commissa
2099 2041 2372 2108 luporum?
2386 2042 2494 2092 De-

1344 2155 1351 2164 .
1428 2121 1703 2186 prehendit
1731 2120 1998 2171 Barthius
2056 2133 2260 2185 quoqne
2313 2131 2494 2168 veram

1427 2201 1740 2265 scripturam
1762 2214 1829 2249 ex
1851 2200 2115 2250 Palatino.
2154 2200 2226 2250 D.
2250 2198 2426 2249 Heius.

1437 2304 1447 2310 -
1493 2283 1557 2327 10
1594 2278 1823 2327 Condidit
1874 2291 1953 2325 ore
2020 2274 2159 2339 novo]
2225 2270 2492 2325 Cluverius

1400 2355 1640 2420 pandidit
1672 2369 1768 2404 ex
1782 2353 1953 2410 veteri
1994 2352 2146 2403 libro.
2185 2351 2495 2403 confirmant

2315 2428 2488 2481 Miror

1428 2525 1525 2576 pro
1543 2510 1755 2574 vulgata
1776 2509 2037 2573 scriptura
2070 2506 2345 2621 digladiari
2366 2507 2493 2558 Bar·

1429 2588 1613 2638 thium.
1646 2588 1796 2637 Idem.

1498 2662 1749 2725 Oremo]
1794 2661 2054 2712 Inusitata
2074 2659 2166 2709 illa
2186 2659 2356 2725 figura
2391 2658 2494 2708 Mi·
2519 2650 2522 2653 ’

1428 2741 1650 2792 notauri.
1683 2741 1863 2790 Barth.
2489 2764 2494 2771 -

1440 2844 1451 2851 -
1495 2821 1560 2866 12
1592 2815 1893 2878 Ροῆαικιιέ]
1916 2815 2059 2878 Lege
2069 2816 2492 2877 proestsrentcum

1431 2892 1657 2947 Claverii
1681 2890 1876 2941 codice.
1911 2890 1980 2941 D.
2004 2890 2177 2940 Heius.

1443 2990 1447 2995 ·
1484 2969 1758 3017 vorem-ent
1774 2967 1947 3030 totum]
1987 2965 2215 3016 Omnino
2251 2978 2379 3014 vera
2410 2971 2492 3015 est

1428 3043 1685 3110 scriptura
1700 3042 2097 3107 Cajoeiawmm
2108 3040 2360 3092 Codicum
2366 3055 2494 3104 μναι-

1427 3127 1612 3173 starem
1633 3116 1802 3171 &dumi
1846 3120 2245 3171 Formositatem
2266 3120 2491 3169 armenti

1432 3200 1591 3250 talem
1628 3197 1779 3261 facit,
1799 3203 1883 3247 -ut
1924 3198 2082 3248 etiam
2125 3211 2193 3247 ex
2234 3195 2494 3260 Pasiphae

1431 3273 1701 3341 perfectus
1744 3276 1941 3324 Taurus
1989 3272 2233 3339 prodiens
2283 3272 2491 3323 minime

1433 3353 1670 3418 potuerit
1691 3366 1805 3403 eam
1824 3365 2119 3418 exaequare.
2149 3350 2328 3403 Barth.

1276 3700 1277 3703 ’
1307 3681 1463 3752 LV.

1049 3903 1115 3968 5.
1194 3899 1443 3968 Concha
1471 3901 1748 3968 Serene-3.-

355 4069 622 4119 Coucffln
641 4082 765 4119 vero
818 4046 874 4118 in
917 4032 1230 4134 supellectili
1257 4068 1361 4119 foe..

286 4143 542 4195 minarum
563 4144 811 4211 alioquin,
825 4154 883 4197 et
901 4148 1191 4211 generatim
1213 4148 1352 4212 quic-

289 4219 413 4284 quid
456 4219 522 4270 ad
557 4221 823 4286 lotionem,
865 4221 1059 4285 fucum,
1086 4231 1195 4277 sut
1228 4222 1355 4275 talia
1431 4223 1561 4275 bet!

289 4302 514 4363 spectat,
545 4297 820 4363 designare
863 4297 1115 4351 videntur.
1194 4298 1353 4352 Juve-

1430 4070 1561 4121 nalis
1579 4070 1690 4120 Sat.
1711 4081 1787 4123 vt.
1811 4066 1880 4118 de
1906 4067 2195 4133 Imperiosa
2224 4071 2495 4119 matrona.

1428 4145 1444 4174 ‘
1462 4148 1683 4198 conchas
1706 4153 1764 4196 et
1783 4151 1957 4199 castra
1992 4144 2187 4196 moveri
2223 4144 2437 4195 Nocte
2412 4158 2500 4207 Ju-

1626 4222 1783 4274 Unde
1803 4220 1967 4275 onine
1989 4222 2088 4275 hoc
2117 4235 2280 4286 genus
2298 4220 2496 4275 Veneri

1432 4298 1732 4351 dedicatum
1767 4314 1802 4350 a
1821 4295 2355 4362 unhentibuspuellis
2393 4308 2495 4353 uuo
