2992 4925
441 391 616 480 1756
1099 397 1493 460 accensus
1541 403 1978 459 -nm‘rronvn

456 561 717 634 poeta,
740 572 916 632 quem
945 553 1001 612 in
1028 554 1243 614 osculis
1266 552 1547 625 babebat,
1579 550 1942 613 convaluerit
1973 549 2103 628 jam
2137 551 2329 629 plane,
2356 557 2465 611 aut
2492 558 2643 611 certe

452 649 461 703 ἓ
524 653 707 713 multo
736 652 923 711 minus
950 672 1104 730 aeger
1131 653 1207 711 sit
1236 652 1556 732 praestitus.
1606 662 1728 711 tum
1771 671 1911 710 vero
1957 650 2106 710 adeo
2147 649 2330 729 gratia
2355 648 2648 719 valebam,

523 758 592 809 ut
611 748 855 820 diceret,
887 768 1021 808 suos
1048 755 1260 828 ροὲῐαε
1290 748 1431 808 mihi
1462 748 1555 808 vel
1585 748 1959 827 possessione
1986 748 2078 807 vel
2111 768 2219 809 usu
2249 748 2412 808 brevi
2443 747 2647 806 datum

522 846 612 907 iri.
701 846 819 906 Sed
864 863 982 905 non
1020 866 1130 923 ego
1158 846 1240 905 illi
1286 847 1527 907 nimium
1557 846 1849 917 credulus,
1879 846 2099 926 quippe
2127 864 2400 906 noveram
2430 845 2648 924 ipsum,

472 959 479 966 ·
521 963 618 1003 me
646 942 817 1002 eiiam
849 942 905 1002 id
937 943 1144 1004 aetatis.
1225 944 1308 1005 Ut
1352 952 1416 1002 ut
1462 943 1555 1014 sit,
1599 944 1733 1021 ejus
1777 944 2134 1021 benignitate
2162 944 2256 1003 vel
2280 963 2479 1022 opera,
2508 960 2654 1001 con·

455 1056 464 1088 ³
525 1049 748 1101 textum
777 1041 958 1101 nostri
985 1040 1240 1101 auctoris
1286 1041 1344 1099 in
1393 1042 1677 1101 mundum
1723 1042 2096 1120 redegimus:
2152 1041 2240 1101 usi
2286 1042 2528 1119 insuper
2553 1057 2653 1098 co-

523 1137 655 1223 dice
681 1139 1052 1217 Gryphiano,
1082 1138 1139 1197 in
1169 1138 1340 1216 cujus
1365 1158 1467 1198 ora
1494 1139 1677 1198 varias
1707 1139 1985 1199 lectiones
2008 1139 2247 1200 aliunde
2267 1144 2656 1217 expresserat.

527 1239 606 1296 At
661 1236 858 1298 triduo
912 1247 1050 1316 post
1104 1236 1361 1315 repetiit,
1386 1239 1395 1248 ⁰
1417 1237 1738 1316 aliquando
1788 1237 1947 1297 enim
2002 1237 2078 1298 de
2127 1237 2244 1296 suis
2292 1235 2500 1317 vigiliis
2527 1247 2653 1295 erat

527 1334 755 1406 anxius,
805 1333 880 1394 ad
925 1353 1114 1413 usque
1163 1333 1434 1394 umbram
1477 1334 1870 1412 suspicionis:
1928 1334 2089 1413 quod
2140 1333 2378 1394 minime
2401 1325 2651 1393 mirum:

456 1461 465 1468 ·
528 1450 662 1490 nam
691 1439 753 1490 et
780 1431 835 1490 in
860 1430 955 1490 his
982 1430 1285 1491 amoribus
1314 1449 1590 1509 magnum
1617 1450 1774 1509 saepe
1802 1450 1838 1490 a
1870 1431 2037 1490 rivali
2077 1431 2276 1510 aliquo
2304 1430 2649 1510 periculum.

529 1528 737 1607 ltaque
765 1537 901 1588 ante
929 1528 1201 1598 lustrum,
1232 1536 1337 1588 aut
1363 1528 1501 1605 plus
1531 1546 1623 1599 eo,
1656 1537 1723 1587 ut
1750 1528 1964 1588 rescivi
2010 1529 2262 1588 eundem
2290 1528 2502 1587 librum
2533 1545 2657 1587 esse

526 1625 588 1685 in
617 1628 829 1686 Museo
859 1626 929 1686 V.
962 1626 1034 1685 C.
1065 1625 1145 1685 H.
1174 1625 1449 1686 Picaultii
1488 1615 2035 1704 splendide‘eruditi
2071 1636 2131 1687 et
2169 1626 2444 1687 faventiae
2471 1625 2652 1704 pleni,

458 1745 467 1762 *
526 1723 604 1783 ad
635 1743 768 1783 eum
801 1723 990 1783 volavi
1019 1724 1334 1796 curriculo,
1364 1724 1486 1783 voti
1516 1722 1645 1795 mei,
1691 1734 1755 1784 ut
1801 1744 2004 1803 reapse
2053 1724 2268 1804 paruit,
2297 1742 2541 1802 compos
2569 1719 2655 1782 fu·

418 1883 433 1896 ‚
530 1830 713 1880 turus,
797 1821 1023 1882 Exinde
1054 1821 1324 1901 profecto
1373 1822 1654 1901 pleraque
1684 1821 1820 1881 olim
1848 1822 2178 1882 festinando
2210 1821 2510 1901 praeterita
2537 1839 2654 1880 non

484 1935 493 1964 ³
529 1918 654 1978 sine
681 1918 985 1998 voluptate
1015 1919 1396 1999 collegi.—P.
1433 1921 1645 1980 Gnosii
1663 1919 1887 1997 judicis
1920 1920 2147 2000 optimi,
2175 1940 2287 1979 nec
2315 1919 2482 1998 parvi
2510 1917 2656 1978 inter

519 2016 782 2076 literatos
810 2017 1080 2090 nomiuiS,
1117 2017 1370 2077 Schedia
1418 2026 1482 2077 ut
1529 2016 1813 2095 placitum
1843 2016 2100 2097 inspexi:
2151 2037 2184 2076 e
2212 2016 2430 2095 quibus
2459 2027 2659 2076 aucta·

530 2113 677 2173 rium
727 2115 867 2175 satis
904 2117 1167 2195 amplum
1212 2123 1628 2194 repraesentare
1676 2116 2128 2193 potui—omues
2169 2116 2343 2176 etiam
2371 2114 2654 2174 editiones

496 2229 497 2234 ’
528 2210 648 2271 fere
675 2212 1087 2285 delibavimus,
1120 2233 1229 2273 nec
1259 2214 1379 2273 ulla
1406 2212 1540 2274 freti
1567 2214 1953 2292 conjectura.’
2033 2215 2126 2274 De
2156 2214 2267 2273 hac
2294 2212 2556 2272 editione
2575 2211 2658 2271 ita

531 2308 709 2387 Casp.
763 2310 1047 2371 Bai-thius
1088 2311 1145 2369 in
1194 2310 1538 2388 praefatione
1567 2311 1847 2370 secunda:
1891 2331 2054 2373 suae:
2114 2318 2131 2345 ⁴
2162 2309 2421 2371 Laudem
2452 2309 2657 2388 prae’ci·

529 2505 828 2582 Stephano
859 2505 1137 2577 Claverio
1157 2506 1385 2566 Parisiis
1416 2507 1653 2566 editam
1677 2506 1816 2566 satis
1837 2507 2033 2586 ampla
2053 2518 2114 2566 et
2130 2504 2458 2586 splendida,
2479 2504 2655 2585 paulo
2695 2568 2704 2577 ‚

528 2609 665 2679 post
690 2621 725 2665 a
756 2603 1054 2680 Scaligero
1085 2604 1143 2663 in
1177 2604 1615 2665 minutissimam
1644 2605 1915 2677 formam,
1966 2605 2094 2664 solo
2139 2614 2363 2677 tamen,
2391 2612 2456 2664 ut
2484 2622 2657 2663 voca·

460 2734 471 2745 ·
526 2716 680 2770 mus,
705 2708 894 2770 textu,
923 2700 1183 2772 redacta,
1213 2710 1273 2761 et
1300 2720 1336 2760 a
1362 2701 1745 2761 Plantiuianis
1772 2711 1864 2762 est
1889 2701 2106 2779 saepius
2125 2720 2354 2761 recusa.
2435 2700 2653 2761 Totam

532 2796 685 2856 hanc
713 2798 1135 2878 corrigendam,
1166 2799 1560 2876 probandam,
1592 2800 2136 2871 examinandam,in
2155 2810 2361 2858 nostra
2387 2798 2501 2857 liae·
2522 2815 2656 2878 pro-

527 2894 883 2973 mulgatione
924 2897 1346 2976 reponendam,
1396 2899 1712 2960 duximus!
1787 2901 2088 2960 Gesnerus
2136 2897 2338 2963 addit:
2402 2898 2509 2975 Est
2558 2895 2656 2974 qui

532 2992 890 3054 Claverianae
920 2995 1056 3054 huic
1082 2995 1327 3056 editioni
1368 2997 1669 3075 adjectum
1716 2999 1890 3057 etiam
1917 3007 2211 3057 memoret
2236 2997 2333 3057 J0.
2360 2992 2657 3054 Tornom-

461 3128 471 3139 ·
520 3090 648 3170 ‘paei
675 3093 1177 3154 commentarium
1206 3096 1283 3154 ad
1312 3114 1551 3155 carmen
1582 3095 1658 3155 de
1707 3112 1817 3156 111.
1838 3105 1899 3155 et
1929 3112 2025 3155 1v.
2054 3094 2363 3154 consulatu
2389 3091 2656 3152 Honorii.

462 3224 471 3229 -
531 3187 598 3247 In
626 3199 825 3248 nostro
848 3190 1091 3268 quidem
1121 3194 1392 3270 exemplo
1423 3194 1644 3252 nullum
1675 3194 1805 3271 ejus
1823 3193 1905 3252 rei
1926 3192 2231 3271 vestigium
2258 3190 2657 3271 deprehende·

462 3310 469 3317 ⁴
531 3284 688 3343 bam.
765 3288 987 3346 Floruit
1015 3299 1210 3348 autem
1239 3311 1311 3348 eo
1338 3300 1606 3369 tempore
1634 3299 1693 3352 et
1721 3292 1777 3350 in
1805 3290 2071 3351 Persium
2101 3298 2269 3349 notas
2305 3289 2491 3349 edidit
2509 3288 2654 3348 Tor·

530 3400 848 3461 norupaeus
888 3385 1071 3445 Paris.
1111 3386 1283 3449 1601.
1314 3398 1373 3449 4.

450 3512 530 3526 --
557 3479 921 3543 Plautiniana
924 3478 1277 3555 ,‘Pulmanni
1328 3502 1425 3547 1V.
1474 3506 1532 3546 o.
1582 3506 1641 3546 n.
1693 3490 1783 3548 Μ.
1830 3489 1906 3547 Α.
1959 3486 2178 3558 Delrio,
2209 3503 2305 3565 ap.
2336 3486 2650 3559 Moremm.

532 3580 838 3642 Antv.12.

458 3670 611 3735 1603
643 3675 839 3754 Lugd.
872 3686 927 3737 4.
975 3678 1033 3736 in
1076 3681 1339 3757 Corpore
1362 3681 1626 3741 omnium
1675 3690 1936 3741 veterum
1982 3688 2289 3798 poetarum
2319 3680 2652 3741 Latinorum

531 3774 851 3832 secundum
881 3776 1084 3837 seriem
1116 3789 1471 3858 temporum,
1502 3795 1581 3841 11.
1611 3781 1730 3838 vol.

452 3901 531 3913 -
561 3869 742 3929 Paris.
776 3880 833 3931 4.
860 3892 957 3950 ap.
992 3876 1127 3934 Vid.
1161 3876 1323 3937 Guil.
1358 3878 1704 3937 Chaudiere.

451 3999 531 4013 -—
558 3966 940 4045 Raphelengii
997 3989 1042 4029 1.
1089 3993 1160 4030 ex
1192 3976 1485 4034 emendat.
1518 3975 1773 4034 virorum
1812 3972 2148 4044 doctorum,
2180 3992 2251 4034 ex
2281 3970 2437 4031 offic.
2467 3968 2655 4030 Plant.

529 4060 927 4142 Raphelengii.
958 4074 1057 4127 24.
1076 4068 1151 4127 de
1173 4090 1287 4146 qua
1319 4071 1599 4131 Heinsius
1622 4072 1679 4131 in
1704 4070 1872 4149 praef:
1926 4067 2506 4152 ‘’Raphelengianam
2533 4085 2656 4126 om-

533 4157 691 4218 nium
721 4170 868 4239 quot
898 4162 1020 4222 vidi
1063 4164 1366 4244 optimam,
1408 4185 1588 4247 quam
1627 4167 1983 4247 scaligerum
2021 4166 2387 4228 recensuisse
2433 4164 2655 4233 volunt,
