2992 4925
587 394 670 445 m
720 394 1248 451 BIBLm'rI—fflcls
1295 396 1552 446 eurr.
1596 394 2232 448 Assenvxroaum.
2341 381 2512 452 1771

308 546 580 616 Graecis
602 568 801 635 quam
827 548 1116 627 LatiniS,
1140 553 1457 615 tractatus
1487 552 1554 613 et
1575 546 1889 633 poemata
1919 550 2268 618 auctorum
2299 552 2515 618 diver,-

308 667 539 720 sorum
557 672 655 718 sae
658 672 743 735 pe
754 652 1307 733 ‘commiscentun
1339 655 1407 716 et
1422 651 1666 737 cuique
1686 669 1878 715 suum
1898 651 2058 716 dare
2080 653 2246 718 artis
2268 659 2372 718 est
2390 654 2515 718 cri-

308 755 512 824 ticae..
562 755 900 842 Lactantii
917 755 1127 819 editio
1153 754 1433 838 optima,
1455 751 1668 836 Lugd.
1688 753 1844 819 Bat.
1866 774 2128 820 carmen
2149 756 2278 820 hoc
2300 757 2517 841 operi-

304 858 453 926 bus
473 859 804 928 Lactantii
815 859 1182 944 subjungit,
1193 858 1314 923 sed
1332 876 1375 921 a
1393 857 1746 922 Lactantio
1766 858 2133 943 abjudicat,
2145 863 2345 944 atque
2357 857 2519 923 auci-

301 963 429 1030 tori
454 963 693 1028 incerti
718 963 1005 1028 nominis
1034 963 1349 1044 assignat.
1454 959 1616 1027 Non
1642 963 1860 1028 tamen
1891 961 2264 1027 Claudiano
2291 967 2519 1032 nostro

311 1064 444 1129 hoc
473 1062 865 1147 poemation
892 1062 1279 1149 adjudicare
1318 1062 1649 1148 cupimus.
1740 1061 2050 1128 Carmina
2079 1061 2213 1130 duo
2240 1065 2420 1142 sunt,
2448 1071 2522 1130 ut

302 1166 482 1231 bene
511 1174 740 1231 notum
769 1171 892 1245 est,
925 1165 1010 1229 de
1063 1164 1411 1242 Phoenice,
1465 1165 1770 1250 ejusdem
1819 1167 2206 1247 argumenti,
2246 1186 2519 1232 oecono-

309 1269 488 1345 miae,
521 1270 929 1352 spiritusque
977 1266 1250 1351 poetici,
1297 1263 1678 1333 redolentia.
1731 1289 1736 1296 ⁴
1765 1266 1938 1332 Cum
1982 1285 2146 1331 vero
2193 1287 2326 1332 non
2356 1287 2519 1350 pos-

304 1371 519 1437 simus
547 1371 831 1455 opinari,
887 1369 1334 1435 Claudianum
1385 1370 1525 1435 duo
1555 1371 1853 1435 carmina
1893 1369 1976 1460 de
2004 1369 2235 1434 eadem
2263 1370 2519 1448 fabula,

304 1478 375 1540 et
422 1472 730 1558 ejusdem
784 1473 1112 1551 materiae,
1164 1472 1651 1556 composuisse,
1699 1492 1850 1537 cum
1906 1471 2209 1537 Gesnero
2278 1469 2517 1556 putan-

304 1574 465 1640 dum
522 1582 646 1655 est,
686 1596 922 1640 nuum
984 1576 1270 1641 alterius*
1297 1577 1735 1640 imitationem
1786 1576 2017 1640 fuisse.
2137 1574 2514 1659 Rhythmus

306 1677 564 1759 elegiae,
593 1698 679 1742 ne
708 1680 905 1743 nimis
952 1680 1183 1772 simus,
1222 1697 1354 1742 non
1402 1678 1665 1744 videtur
1692 1697 1840 1743 esse
1866 1677 2245 1745 Claudiani.
2335 1678 2518 1743 Dum

305 1780 457 1845 haec
485 1781 610 1845 sub
641 1781 851 1865 praelo
882 1786 1060 1860 sunt,
1087 1785 1282 1864 rogat
1310 1781 1428 1845 ⁴vir
1476 1783 1756 1859 amicus,
1789 1801 1877 1845 an
1906 1780 2107 1845 talem
2133 1779 2519 1864 prosodiam

308 1883 437 1948 sub
464 1882 658 1949 initio
687 1884 1091 1966 pentametri
1119 1883 1532 1949 exhibuisset
1562 1882 2014 1949 Claudianus:

548 1989 570 2019 ‘
603 1985 983 2051 Duodecies
1012 1988 1211 2052 undis
1240 1987 1475 2070 irrigat
1505 2007 1698 2051 omne
1727 1985 2009 2053 nemus?
2037 2005 2141 2051 vs.
2171 1985 2283 2051 28.

307 2109 323 2141 ,·
342 2110 367 2162 ᾗ
407 2086 657 2153 Codices
713 2085 1180 2154 D’Orvilliani.
1233 2105 1312 2152 x.
1360 2087 1421 2153 1'.
1461 2089 1667 2153 6.-13.
1699 2108 1856 2152 cum
1901 2088 2054 2153 aliis
2101 2086 2519 2152 collationem

309 2192 602 2255 continet
644 2188 1000 2255 Claudiani
1036 2192 1105 2255 in
1149 2190 1468 2255 Rufinum
1515 2210 1674 2254 cum
1739 2190 1876 2254 Ms.
1904 2183 2277 2268 Parmensi,
2306 2208 2420 2274 pp.
2451 2183 2518 2254 5'.

304 2280 377 2356 e't
403 2290 700 2376 Raptum
732 2293 1163 2376 Proserpinae
1193 2312 1343 2358 cum
1370 2292 1624 2358 Codice
1656 2292 2145 2358 Mediolanensi
2171 2313 2290 2377 pp.
2318 2293 2387 2357 5.

402 2409 483 2458 x,
512 2394 579 2458 2.
607 2393 673 2458 2.
702 2395 763 2460 1.
793 2393 1210 2459 Claudianus
1239 2395 1309 2459 in
1328 2415 1524 2460 usum
1552 2395 1872 2480 Delphini
1901 2395 2097 2461 1677.
2128 2414 2282 2458 cum
2309 2391 2517 2459 variis

308 2496 714 2563 lectionibus
747 2497 923 2562 Mss.

398 2597 818 2664 Claudianus
890 2600 1073 2684 'apud
1127 2599 1522 2679 Colinaeum,
1573 2599 1861 2665 Parisiis
1913 2600 2105 2664 1530.
2164 2600 2319 2664 Svo.
2364 2616 2519 2661 cum

258 2768 263 2771 .
310 2695 492 2766 notis
536 2702 815 2766 Thomae
866 2701 1234 2786 Marcyllii,
1264 2722 1305 2766 e
1352 2702 1609 2780 codice,
1665 2707 1739 2766 ut
1769 2702 2054 2780 videtur,
2087 2698 2521 2784 Lugdunensi

312 2806 659 2889 praecipue
691 2804 936 2870 ductis·

999 3033 1247 3101 Codices
1293 3035 1849 3124 Cantabrigienses.

403 3199 490 3265 In
515 3201 940 3267 Bibliotheca
969 3200 1234 3267 Domus
1265 3200 1333 3266 S.
1364 3200 1553 3266 Petri
1584 3199 1821 3265 Codex
1863 3200 2059 3266 1666.
2096 3196 2207 3286 (ut
2254 3199 2522 3268 denota-

315 3309 426 3370 tur
478 3305 546 3368 in
594 3303 805 3369 Catal.
854 3303 1030 3368 Mss.
1078 3302 1344 3387 Angliae
1390 3309 1460 3368 et
1510 3299 1714 3387 Hib.)
1769 3304 2086 3379 continet,
2143 3304 2310 3367 inter
2362 3305 2520 3383 alia,

317 3405 676 3472 Claudiani
714 3406 797 3469 de
843 3405 1079 3489 Raptu
1110 3405 1569 3489 Proserpinae,
1613 3412 1716 3469 art
1741 3407 1806 3469 4.
1835 3411 1904 3470 et
1926 3405 2100 3470 1687
2106 3453 2147 3483 .,
2175 3426 2380 3470 unum
2408 3407 2523 3472 Li-

316 3509 533 3576 brum.
622 3506 810 3571 Idem
857 3506 1222 3597 Catalogus
1268 3514 1451 3574 notat
1498 3507 1599 3594 (in
1643 3527 1824 3570 num.
1871 3508 2068 3572 6106.
2118 3508 2301 3587 272.)
2351 3492 2526 3573 inter

318 3595 608 3673 Codices
636 3608 916 3673 Thomae
970 3609 1142 3673 Gale
1195 3609 1641 3675 Claudianum
1673 3609 1983 3693 poetam,
2014 3609 2086 3673 in
2131 3609 2525 3674 membranis

310 3711 637 3792 antiquis.
725 3709 864 3774 Hic
892 3711 1070 3776 idem
1102 3731 1273 3775 nunc
1303 3717 1684 3776 asservatur
1703 3712 1786 3775 in·
1803 3711 2223 3775 Bibliotheca
2246 3710 2526 3795 Collegii

324 3811 570 3876 Sanctae
621 3810 976 3892 Trinitatis,
1030 3815 1163 3892 cui,
1210 3821 1284 3879 ut
1317 3815 1463 3898 jam
1491 3814 1809 3893 diximus,
1852 3814 1935 3879 T.
1967 3813 2140 3880 Gale
2166 3814 2525 3879 moriturus

318 3914 601 3981 codices
631 3935 795 3979 suos
821 3917 1093 4000 legavit.

408 4014 622 4081 Extat
665 4018 732 4081 in
773 4018 1198 4083 Bibliotheca
1246 4019 1563 4085 librorum
1617 4039 1790 4106 quos
1843 4018 2211 4085 Matthaeus
2248 4016 2524 4096 Parker,

318 4115 649 4202 Archiep,
675 4118 998 4184 Cantuar.
1026 4123 1151 4186 sub
1184 4140 1383 4204 regno
1417 4121 1847 4200 Elizabethae,
1877 4120 2179 4203 Collegio
2207 4118 2525 4202 Corporis

296 4217 576 4289 Christi
600 4223 670 4286 et
699 4220 784 4286 B.
828 4218 1069 4289 Mariae
1106 4221 1422 4306 Virginis,
1451 4244 1622 4289 nunc
1677 4220 1903 4288 Bene't
1946 4218 2221 4307 College,
2249 4219 2553 4319 legavit„
