2992 4925
496 388 675 462 1634

501 552 746 619 mysteria
765 551 997 602 initialia.
1016 552 1212 612 ⁴Bur-tlt.

570 634 666 681 112
723 627 1037 691 latenter-utu]
1093 630 1372 694 Nunquam
1426 629 1568 693 peje-

503 715 640 775 rata,
657 713 1004 757 sacrosancta.
1035 706 1269 769 Stygiam
1287 714 1460 757 autem
1479 721 1569 770 pa-

502 787 679 837 ludem
703 786 967 849 intelligit,
981 785 1212 835 Deorum
1234 786 1570 836 sacerrimum

497 865 869 930 juramentum.
907 863 1052 911 Idem.

524 968 529 974 ·
574 947 668 992 113
706 941 873 1003 Ciebo]
905 939 967 988 In
993 940 1187 1002 praelia.
1225 939 1377 992 Idem.

572 1025 670 1071 114
707 1017 934 1080 Tartaru]
991 1015 1253 1083 Quicquid
1296 1018 1392 1069 sub
1433 1023 1574 1067 terra

507 1110 786 1161 regnorum
826 1094 1139 1159 fingebatur,
1197 1097 1295 1146 hoc
1349 1094 1576 1145 babebat

510 1187 717 1223 nomen.

575 1249 798 1312 Saturni]
844 1247 947 1300 Qui
971 1247 1128 1298 miser
1151 1246 1380 1298 eviratus
1403 1262 1434 1298 a
1452 1246 1575 1298 filiis

510 1326 643 1377 etin
674 1326 969 1375 avernalem
1005 1331 1116 1375 erat
1148 1339 1433 1388 carcerem,
1457 1326 1575 1374 sine

510 1418 606 1469 spe
629 1402 936 1462 emissionis,
959 1410 1279 1465 compactus.
1319 1404 1495 1453 Barth.

524 1504 539 1513 -
577 1478 781 1529 Saturni
796 1476 967 1526 laxabo
986 1477 1195 1541 menas]
1226 1478 1479 1528 Saturnus
1492 1494 1578 1528 ca·

511 1556 742 1612 tenatus,
762 1556 829 1602 ob
848 1553 1146 1604 tarditatem
1167 1562 1336 1603 motus
1349 1555 1446 1618 sni,
1459 1556 1579 1604 Ful·

515 1638 658 1695 gent.
694 1646 787 1679 seu
807 1630 943 1694 quod
967 1632 1102 1679 tardi
1136 1632 1238 1679 sint
1267 1631 1357 1681 Dii
1382 1632 1446 1682 ad
1471 1632 1580 1681 vin-

516 1708 833 1768 dicandum3
867 1720 957 1756 seu
987 1707 1121 1770 qnod
1159 1707 1306 1770 pueri
1343 1708 1395 1757 in
1428 1717 1581 1758 utero

514 1784 822 1850 quibusdam
848 1784 1064 1833 vinculis
1086 1783 1432 1836 detineantur.
1467 1788 1583 1836 Ma-

520 1862 664 1911 crob.
700 1876 765 1910 ex
793 1860 1132 1924 Apollodoro,
1169 1860 1254 1911 lib.
1280 1875 1317 1912 1.
1373 1864 1582 1913 Satnrn.

515 1954 634 2004 cap.
654 1943 705 1989 S.
736 1938 1098 1988 Saturnalibus
1115 1940 1432 2000 solvebatur,
1446 1940 1583 1989 Stat.

517 2017 608 2066 lib.
632 2030 671 2066 1.
717 2016 887 2075 Silius,
908 2016 994 2065 lib.
1016 2028 1092 2065 vr.
1119 2013 1338 2079 princip.
1371 2019 1387 2044 ‘
1406 2016 1585 2066 Satur-

517 2109 615 2145 nus
637 2095 759 2144 mihi
778 2093 1031 2156 compede
1053 2092 1331 2143 exolutnae
1346 2086 1584 2158 'Dens'psa

588 2173 812 2233 Tartaru,
847 2171 1050 2221 Salam
1068 2176 1249 2220 ueteres
1269 2171 1439 2220 emb«)
1459 2176 1584 2221 cote·

517 2244 629 2313 nus]
663 2247 794 2298 Inde
818 2248 869 2296 in
904 2247 1140 2296 omnibus
1173 2245 1309 2296 fanis
1332 2246 1587 2298 Romano-

518 2341 654 2389 rum,
691 2325 898 2376 vincula
935 2326 1119 2375 statuis
1158 2326 1365 2375 Saturni
1388 2326 1588 2391 injecta

519 2410 691 2467 erant,
722 2419 838 2470 quae
864 2402 1003 2453 festo
1035 2404 1197 2468 ipsius
1230 2405 1586 2468 solvebantur,

520 2483 575 2532 in
597 2484 891 2532 memoriam
914 2483 1209 2533 securitatis
1231 2491 1282 2534 et
1298 2483 1588 2556 felicitatis,

522 2561 672 2626 quam
691 2560 783 2610 snb
801 2560 888 2609 illo
909 2566 1129 2623 egerunt
1149 2562 1397 2612 bomines‘.
1435 2563 1586 2614 Idem.

534 2645 681 2691 ·116
721 2639 960 2688 Obducam
998 2638 1203 2689 tenebris
1241 2639 1408 2704 solem]
1467 2642 1588 2692 Non

519 2718 666 2766 lucem
687 2715 889 2779 scripti.
923 2716 992 2765 D.
1015 2717 1182 2767 Heius.
1228 2721 1233 2726 '

532 2819 539 2828 ι
588 2797 683 2845 117
726 2793 823 2843 Vix
841 2791 1044 2853 ecfatus
1059 2793 1183 2857 erat]
1216 2794 1475 2846 Summam
1499 2810 1587 2846 ex·

523 2869 806 2935 peditionis
827 2869 1150 2920 celeritatem
1172 2871 1364 2935 arguit.
1407 2872 1587 2923 Barth.

530 2963 540 2971 ·
589 2950 685 2997 118
718 2947 892 3011 Pater]
920 2946 1149 3009 Jupiter.
1189 2948 1335 2998 Idem.

592 3027 687 3073 119
720 3024 947 3073 Diuersus
978 3025 1150 3072 ducens
1180 3023 1381 3088 animos]
1414 3024 1479 3074 In
1514 3024 1589 3075 di·

518 3114 708 3160 versa,
693 3116 706 3128 ·
742 3106 801 3149 ut
822 3100 872 3149 in
896 3099 1015 3150 illo.
1003 3116 1015 3129 ·
1049 3100 1065 3127 ‘
1087 3115 1144 3148 se
1169 3102 1448 3151 matutinus
1469 3097 1588 3167 age·

527 3177 650 3227 bat?

524 3252 724 3302 Animos
745 3266 838 3314 pro
861 3249 1174 3301 adfectibus.

591 3328 822 3378 Diversus
832 3328 1001 3375 ducens
1015 3327 1216 3391 animos]
1255 3330 1458 3380 Diverso
1474 3333 1592 3383 Cla-

524 3405 698 3456 verius
737 3419 803 3454 ex
838 3404 972 3455 libro
1009 3418 1120 3455 suo.
1188 3407 1380 3457 Putem
1418 3410 1594 3461 divisos

524 3485 697 3533 ducem
713 3483 893 3532 animos
913 3482 1044 3533 utin
1063 3483 1151 3533 illo
1173 3484 1434 3536 Maronis:
1461 3486 1476 3515 ‘
1494 3487 1593 3538 At·

527 3577 628 3626 que
652 3551 876 3611 animu'm
912 3576 1047 3611 nuuc
1075 3562 1176 3612 huc
1209 3563 1431 3614 celerem
1454 3579 1593 3615 nunc

524 3638 713 3689 dividit
736 3639 877 3689 illuc.
879 3637 896 3661 ’
945 3638 1215 3688 Adeantur
1235 3654 1373 3690 cnrae
1398 3649 1593 3692 nostrae

528 3717 768 3767 secundae
816 3716 884 3765 ad
925 3716 1145 3766 Nasonis
1187 3717 1320 3767 Met.
1356 3732 1442 3768 ιιι.
1476 3723 1593 3768 380.

534 3791 766 3854 Fulgidus
787 3794 945 3840 etiam
971 3807 1065 3855 pro
1092 3793 1301 3844 Lucidus
1320 3795 1386 3845 ab
1410 3796 1593 3887 eodem

529 3867 660 3917 libro
684 3876 781 3917 est.
816 3869 884 3918 D.
914 3869 1083 3918 Heius.

596 3944 836 4014 Sequatur
880 3945 1184 4013 Coniugium]
1250 3949 1369 4000 Non
1409 3951 1592 4001 iuvita.

533 4017 711 4074 Barth.

600 4103 695 4150 120
731 4099 828 4147 Pro
848 4098 965 4162 sole]
999 4100 1127 4150 Vice
1150 4101 1301 4151 Solis.
1338 4104 1486 4155 Idem.

597 4177 691 4228 121
727 4177 995 4241 Sententia]
1030 4179 1286 4244 Quicquid
1327 4190 1444 4244 post
1487 4181 1596 4231 diu-

536 4263 739 4306 turnam
763 4256 919 4305 animi
956 4256 1353 4306 alternationem
1388 4259 1594 4308 conclu-

533 4333 675 4386 ditur
696 4339 753 4386 et
776 4347 872 4399 pro
889 4339 1002 4384 rato
1021 4332 1265 4400 habetur,
1287 4333 1478 4386 dicitur
1490 4351 1595 4388 sen·

729 3175 848 3225 Hoc
892 3183 990 3237 est,
1036 3178 1290 3226 matutino
1335 3184 1598 3242 tempore.

1639 4259 1648 4268 “’
1668 4270 1732 4307 ιι.
1755 4270 1899 4307 cns‘r.

779 406 998 460 Nora:
1046 405 1447 457 vammum
1502 408 1580 457 m
1629 410 1745 459 cr..
1793 378 2072 462 cuano.
2119 410 2420 464 xxxm.

1641 554 1812 606 tentia.

1707 632 1867 696 Sedit]
1895 631 2109 685 Placuit
2139 631 2359 684 firmiter
2390 639 2449 685 et
2471 640 2715 702 constan·

1645 714 1743 759 ter.
1776 710 1949 760 Barth.

1712 789 1810 836 122
1840 788 2047 837 AEtnaeoe
2069 787 2259 853 ceren-t]
2296 788 2493 838 Ennoeae
2512 788 2722 839 Turne-z

1647 861 1777 913 bus
1763 878 1815 912 tn
1836 862 2189 926 Adversarii„
2225 865 2360 929 quod
2380 865 2606 929 Gyrald.
2627 880 2714 914 co-

1649 938 1751 989 dex
1794 946 1851 990 et
1894 940 2206 991 oxoniensis
2247 940 2573 1005 confirmant,
2615 941 2714 992 nisi

1652 1017 1786 1081 quod
1833 1018 2083 1082 aspiratio
2127 1016 2395 1068 addenda:
2451 1017 2505 1066 in
2550 1017 2713 1068 tertio

1651 1093 1904 1144 Vaticano
1947 1093 2189 1143 mendose
2234 1095 2439 1144 Eunoeae.
2494 1093 2717 1145 Frustra

1651 1172 1813 1236 igitur
1849 1172 2113 1221 Cluverius
2157 1170 2445 1234 Gyraldum
2491 1172 2718 1235 Syntag·

1652 1255 1792 1297 mate
1817 1259 1932 1297 nv.
1954 1246 2021 1296 de
2042 1246 2159 1295 Diis
2185 1247 2418 1310 gentium
2440 1246 2517 1294 sic
2538 1256 2717 1295 emen·-

1653 1323 1863 1374 dantem
1905 1325 2109 1388 carpit3
2138 1322 2338 1373 frustra.
2371 1339 2464 1388 pro
2503 1324 2720 1388 vulgata

1654 1402 1914 1464 scriptura
1927 1402 2172 1449 velitatur
2191 1401 2451 1450 BarthiuS.
2494 1400 2720 1450 Hennoeu

1658 1478 1802 1527 Ceres
1836 1485 1941 1527 tam
1984 1476 2049 1526 ab
2086 1477 2279 1540 oppido
2317 1477 2523 1539 Siciliae,
2564 1490 2722 1542 quam

1657 1571 1793 1620 pago
1837 1555 2036 1618 Attico,
2088 1556 2172 1604 cui
2214 1554 2505 1616 colebatur,
2557 1555 2722 1606 dicta.

1660 1634 2002 1684 Callimachus
2038 1633 2088 1681 in
2126 1633 2238 1695 ejus
2276 1631 2529 1695 Hymmo:
2568 1630 2721 1681 oda·

1658 1709 1934 1772 kenelmo
1954 1708 2090 1774 χῶρφ
2100 1705 2285 1758 Ὄσσαν
2305 1708 2555 1768 Ἐλευσῖνι,
2587 1707 2723 1772 Τριό-

1656 1807 1730 1850 πᾳ
1750 1788 1791 1837 θ’
1812 1786 1926 1836 ὅσον
1944 1784 2145 1836 ὁκόσον
2160 1786 2324 1835 Ἔννα.
2392 1786 2494 1835 Ubi
2518 1785 2723 1843 scholl-

1659 1868 1814 1924 as'tes,
1830 1861 2045 1912 ’Βλευσὶν
2059 1861 2307 1924 καὶἜηα,
2327 1863 2461 1922 δῆμοι
2480 1861 2719 1922 ’Ad-*meiit-

1657 1941 1755 1990 nisi
1792 1941 1967 2004 lapsus
2006 1947 2103 1990 est.
2188 1940 2404 2000 Statius,
2440 1940 2603 1990 'nu—b.
2645 1953 2722 1990 tv.

1656 2018 1673 2046 ⁴
1698 2018 1947 2068 Heunaeae
1976 2016 2155 2067 Cereri
2179 2022 2333 2077 negat
2353 2017 2469 2065 avia
2490 2018 2669 2082 Dyme
2688 2015 2723 2066 ε’

1660 2098 1736 2148 sic
1761 2103 1816 2146 et
1833 2096 1973 2146 illam
1989 2096 2162 2154 Silius,
2186 2095 2269 2143 lib.
2291 2108 2327 2143 1.
2349 2100 2518 2144 vocat.
2553 2095 2726 2158 Lyco·

1660 2172 1843 2238 phroni
1860 2174 2016 2224 etiam
2033 2173 2222 2220 Ἐνναῖοι
2237 2166 2407 2235 epu-rios
2420 2165 2582 2220 dict‘a.
2626 2171 2726 2221 En·

1658 2264 1811 2299 noesm
1840 2251 1998 2299 diuum
2030 2250 2245 2299 eandem
2280 2248 2415 2297 idem
2436 2247 2597 2297 Silius
2620 2248 2748 2297 'riou'

1661 2341 1763 2379 uno
1775 2328 1891 2377 loco
1906 2328 2160 2391 appellat,
2173 2332 2230 2375 et
2244 2326 2471 2375 Ennoeam
2486 2325 2748 2387 virginem‘

1664 2405 2044 2470 Proserpinam.
2113 2403 2346 2452 Emensis
2388 2403 2536 2451 Cei-es
2584 2403 2728 2468 apud

1663 2483 1940 2532 Firmicum
1962 2482 2028 2533 de
2047 2495 2224 2530 errore
2247 2478 2581 2544 profanarum
2608 2480 2729 2530 rell-

1663 2558 1887 2623 gionum.
1922 2560 2119 2609 Lucan.
2142 2557 2231 2607 lib.
2255 2553 2330 2606 vri
2360 2556 2376 2583 ‘
2400 2571 2516 2621 qnae
2543 2563 2597 2604 te
2619 2557 2729 2606 De-

1663 2638 1865 2688 tineant
1908 2637 2148 2686 Hennoea
2191 2632 2399 2698 dapest'
2456 2634 2546 2682 ubi
2589 2634 2728 2684 male

1661 2718 1814 2781 vulgo
1873 2717 2141 2766 contineant
2190 2715 2395 2764 AEtnoea.
2482 2713 2731 2766 Sidonius

1664 2794 1926 2858 Panegyr.
1967 2792 2257 2857 Majorani.
2307 2791 2498 2840 ‘Enna
2537 2785 2731 2842 Perse-

1663 2872 1851 2934 phone,
1868 2870 2108 2920 Minerva
2124 2867 2433 2933 Hymettoz'
2466 2867 2623 2930 plura
2640 2868 2732 2918 alii

1662 2953 2048 3013 congesserunt,
2069 2960 2196 3011 quos
2219 2960 2322 2994 non
2342 2944 2586 3008 compilo.
2621 2941 2733 2995 caa-

1663 3033 1830 3078 terum
1866 3025 2040 3075 Hem
2061 3039 2161 3074 non
2198 3029 2399 3074 tantum
2422 3028 2735 3073 constanter

1666 3102 1932 3153 veterrimi
1955 3101 2092 3165 apud
2117 3099 2379 3161 Ovidium,
2399 3098 2606 3162 Silium,
2631 3101 2733 3149 8ο·

1663 3178 1846 3240 linnm,
1866 3177 2169 3236 Arnobium‚
2186 3178 2311 3225 alios
2327 3185 2620 3239 agnoscunt
2645 3169 2733 3226 ad·

1665 3256 1778 3306 dita
1817 3254 2127 3319 aspiratione
2181 3252 2418 3302 codices:
2489 3251 2605 3303 sed'
2635 3268 2734 3304 nec

1667 3333 1821 3383 aliter
1850 3329 2177 3381 scribendum
2210 3330 2371 3379 Plinii
2407 3332 2730 3383 auctoritate

1666 3410 1942 3472 evincitur,
1963 3422 2050 3458 ιιι.
2072 3413 2119 3457 Β.
2172 3389 2435 3457 Naturalis
2460 3407 2733 3471 Historia,

1668 3485 1755 3536 ubi
1775 3485 1964 3535 Siciliae
1995 3484 2236 3534 civitates
2268 3483 2450 3533 ordine
2487 3485 2735 3548 alphabe-

1668 3566 1774 3613 tico
1799 3568 2050 3613 recenset.
2116 3561 2179 3610 In
2216 3560 2578 3624 antiquissimo
2599 3563 2733 3613 Livii

1667 3639 1850 3689 codice
1891 3639 2168 3700 Mediceo,-
2195 3639 2211 3663 ‘
2243 3637 2532 3687 Emendavi
2573 3640 2736 3707 Nico·

1670 3719 1873 3768 machus
1928 3715 2202 3765 Flavianus
2246 3728 2334 3765 ιιι.
2385 3715 2548 3767 Praet‘.
2603 3717 2733 3769 Urb.

1668 3796 1807 3859 apud
1834 3791 2108 3844 Hennam?
2172 3792 2423 3841 Nummus
2455 3795 2734 3845 aerens‘vc-

1669 3879 1832 3922 tustus
1851 3870 1989 3935 apud
2007 3870 2168 3919 virum
2191 3870 2267 3919 rei
2290 3870 2601 3933 antiquaria·
2622 3888 2734 3937 per·

1668 3963 1818 4013 quam
1851 3946 2136 3996 studiosum
2175 3946 2507 3995 Franciscum
2534 3945 2734 3999 Gotho·

1666 4024 1871 4075 fredum
1917 4024 2096 4073 Romae
2141 4024 2259 4071 mihi
2298 4032 2633 4089 conspectus»,
2671 4027 2733 4076 ab

1668 4117 1771 4152 una
1803 4105 1948 4165 parte
1972 4106 2131 4164 caput
2160 4100 2407 4148 muliebre
2430 4101 2734 4165 exhibebat,

1667 4179 1874 4229 Cereris
1911 4184 1969 4227 ut
1993 4186 2135 4241 puto,
2171 4177 2313 4226 hisce
2336 4176 2533 4227 additis
2557 4173 2734 4242 literis,

2007 4268 2283 4305 uuna-no.
2308 4255 2372 4305 ab
2391 4256 2562 4306 altera
2581 4263 2729 4320 parte

1668 4333 1748 4386 vir
1770 4340 1828 4384 et
1860 4332 2073 4384 foemina
2109 4331 2280 4383 currui
2313 4331 2625 4400 quadrijugo
2658 4332 2732 4383 in·
