2992 4925
992 371 1090 452 133
1139 403 1378 454 nunno
1425 404 1864 458 canonico,

324 538 545 596 »Barim
580 539 709 592 velit
747 548 950 606 partem
989 542 1142 596 divisi
1176 545 1392 610 Imperii

329 628 666 680 concerpere,
680 617 751 667 ad
773 633 930 683 seque
955 621 1259 673 transferre.
1305 624 1392 673 In·

327 691 539 755 <iignum
579 693 818 743 nimirum
859 693 1063 749 facinus
1106 715 1298 763 genere
1336 709 1391 752 et

324 770 499 820 indole
521 771 706 835 Regia,
725 788 917 838 suaque
932 776 1126 844 sobole,
1138 779 1212 828 ait
1226 780 1391 829 Theo·

328 847 521 900 dusius.
590 848 780 900 Potest
802 856 857 901 et
877 852 1180 917 Eutropium
1220 857 1390 907 turba-

330 940 445 974 rum
468 925 811 976 redemtorem
845 928 1154 993 intelligere.

396 1001 705 1051 Committere
734 1005 925 1068 emtori]
957 1007 1188 1058 Possunt
1206 1008 1390 1060 referri

329 1078 442 1129 haec
462 1078 533 1128 ad
558 1080 884 1145 Eutropium.
934 1083 1273 1144 committere
1287 1102 1392 1136 em-

331 1155 452 1218 tori,
505 1157 551 1206 si
597 1158 826 1221 argutari
879 1161 1026 1226 velis,
1077 1162 1147 1214 sit
1197 1178 1392 1215 emere.

323 1233 513 1284 Bau-112.

395 1312 493 1361 267
527 1310 631 1358 Hic
671 1311 855 1375 matt]
910 1312 1020 1364 Hoc
1054 1315 1237 1380 scripti
1282 1314 1393 1366 fere

334 1389 549 1434 amnes.
534 1401 548 1414 ·
590 1386 766 1449 probe.
805 1402 902 1451 pro
937 1406 1024 1440 nec
1043 1407 1127 1442 nos
1159 1393 1262 1444 duo
1298 1409 1394 1445 vos.

334 1476 430 1526 pro
450 1465 764 1528 committere,
785 1479 916 1516 unus
934 1467 1077 1517 Med.
1108 1484 1394 1523 mouri-ew.

332 1539 445 1589 haec
462 1553 591 1589 sana
610 1554 712 1590 non
733 1539 1001 1593 videntur.
1022 1544 1097 1596 D
1128 1545 1299 1597 Heius.

405 1617 601 1670 Vendit
614 1619 850 1682 patrium]
885 1621 1096 1672 Summo
1119 1638 1153 1674 a
1182 1624 1397 1689 parrici-

337 1692 422 1744 dio
445 1694 660 1746 scelere.
732 1695 922 1747 Patriae
954 1698 1091 1748 enim
1113 1715 1145 1748 a
1168 1701 1397 1764 parenti-

340 1769 433 1819 bus
450 1771 615 1820 honor
636 1771 857 1822 debetur
878 1789 1121 1828 summus.

403 1848 628 1911 Plerique
663 1849 719 1898 in
761 1854 944 1914 tempus
973 1851 1130 1917 abaci]
1179 1853 1398 1905 Contes-

339 1930 453 1975 tata
484 1940 567 1976 res
584 1926 814 1989 gentium
836 1927 1081 1992 historiis,
1101 1930 1398 1995 proditores

330 2007 691 2129 ,ιέἓὲρεεαω
712 2002 816 2052 suis
832 2005 1058 2056 moribus
1074 2006 1397 2059 interemtos.

402 2158 500 2204 268
538 2153 709 2204 Tenuit
745 2154 812 2204 sic
836 2155 993 2206 Graia
1022 2158 1276 2223 Philippus
1301 2162 1401 2225 Op-

336 2230 475 2294 pida]
508 2230 572 2280 In
596 2230 863 2282 Oiseliano
884 2234 1060 2285 renuit.
1095 2236 1164 2285 Ι).
1183 2237 1367 2287 Heius.

334 2353 341 2359 ,
398 2312 501 2357 209
532 2308 714 2359 Peuoeo
765 2309 960 2360 libertas
1011 2313 1216 2364 concidit
1262 2315 1403 2379 aare]

340 2381 497 2433 Notae
518 2390 661 2433 artes
697 2385 858 2448 Regis
894 2390 1214 2451 astutissimi,
1247 2392 1404 2443 dictis

342 2461 498 2512 etiam
533 2462 831 2527 celebrata3
866 2471 925 2513 ut
946 2480 1064 2515 cum
1099 2469 1294 2517 nullum
1329 2472 1404 2517 lo·

340 2552 457 2588 cum
480 2539 937 2604 inexpugnabilem
972 2543 1277 2606 autumavit,
1302 2557 1404 2609 quo

336 2615 480 2680 adigi
507 2616 686 2681 posset
707 2617 895 2668 asellus
914 2634 1038 2669 auro
1059 2627 1295 2671 onustus.

407 2694 611 2759 Peneo]
643 2695 748 2744 Per
769 2702 1086 2746 contemtum
1129 2712 1233 2748 non
1272 2713 1393 2749 raro

342 2771 643 2821 nominatur
681 2769 825 2820 Urbs
863 2779 983 2821 aute
1018 2773 1319 2839 Philippum
1351 2781 1407 2825 et

339 2847 699 2898 Alexandrum
721 2855 1042 2898 contemtum
1065 2851 1333 2914 oppidum.

322 2942 329 2947 ·
403 2924 562 2989 Auro]
627 2925 826 2973 Notum
874 2924 1184 2979 Graculum:
1241 2929 1407 2993 Ἀργυ-

340 2998 466 3063 ρέαις
502 2999 737 3062 nmium
750 2998 927 3066 μάχου,
953 3003 1032 3052 καὶ
1061 3002 1219 3056 πάντα
1237 3006 1409 3072 κρατή-

341 3095 457 3129 σεις.
492 3078 674 3130 Barth.

336 3188 343 3195 ·
405 3160 506 3206 270
542 3156 750 3205 hmani
766 3157 989 3206 scelerum
1003 3173 1183 3223 semper
1195 3175 1410 3224 sprevere

343 3231 616 3294 ministros]
650 3232 811 3281 Ferro
834 3233 969 3282 enim
993 3243 1048 3284 et
1072 3235 1287 3295 virtute,
1307 3251 1408 3286 non

340 3322 468 3359 auro
510 3314 568 3359 et
604 3308 1057 3376 negotiationibus,
1094 3311 1232 3363 bella
1264 3327 1411 3376 gere-

345 3384 492 3435 bant.
530 3384 684 3436 Idem.

408 3465 508 3511 278
544 3460 705 3524 Pam]
737 3460 923 3513 Petiit.
959 3462 1108 3514 Idem.

410 3540 511 3591 274
546 3539 781 3602 Pati-ure]
801 3536 1089 3602 Conficere,
1108 3537 1379 3602 perficere.

414 3613 702 3673 Perfamuli
718 3612 881 3676 nefas]
913 3613 991 3665 At
1011 3615 1124 3680 quis
1146 3615 1229 3669 hic
1251 3615 1411 3665 famu-

345 3692 464 3741 lus?
488 3691 771 3755 Explicant
787 3690 1038 3742 historici.
1056 3690 1120 3742 A.
1138 3692 1278 3742 Geli.
1300 3693 1315 3719 ‘
1333 3707 1414 3743 re·

352 3768 432 3831 gis
454 3768 649 3831 Pyrrhi
683 3766 941 3828 amicum,'
980 3767 1071 3817 lib.
1104 3781 1191 3818 111.
1220 3783 1338 3833 cap.
1363 3774 1413 3819 8.

350 3851 523 3895 vocat.
576 3846 756 3895 Valet.
796 3842 1003 3896 Antiati
1046 3845 1212 3894 veteri
1255 3845 1414 3895 histo·

353 3921 461 3971 rico
509 3921 871 3971 ‘Timochares
906 3920 1307 3971 Ambraciensis'
1339 3921 1418 3971 di-

342 3996 511 4048 ·citur.
542 4000 819 4062 Dempster.

419 4073 694 4138 Dactosqae
740 4073 990 4138 Camillus]
1022 4073 1258 4126 Historia
1278 4072 1419 4137 apud

359 4148 582 4210 Livium,
603 4151 694 4200 lib.
717 4165 772 4201 v.
805 4150 984 4201 Barth.

423 4229 519 4276 276
553 4227 735 4276 Pueros
755 4228 966 4289 obaessoe,
985 4227 1091 4292 fisa]
1122 4228 1281 4293 Apud
1303 4228 1421 4277 Flo-

270 4340 281 4349 .
366 4316 475 4352 rum
491 4307 733 4352 narratur
749 4303 862 4354 haec
876 4305 995 4356 hist.

362 4418 370 4425 .
424 4383 519 4446 277
557 4378 774 4443 Mweat]
823 4381 1120 4449 Concutiat,
1138 4327 1423 4452 convellat.

2353 397 2531 472 12107

1458 591 1467 602 ,
1533 547 1672 603 Quod
1691 551 1874 615 respuit
1893 553 2059 603 alter·
2037 570 2091 605 nt
2109 555 2310 622 mem]
2347 557 2528 652 Scelus

1464 623 1714 676 videlieet
1732 628 2057 690 proditionis.
2089 632 2270 683 Barth.

1532 702 1670 759 Quod
1688 706 1868 769 respuit
1900 709 2022 757 alter
2057 711 2110 757 in
2142 710 2341 774 hostem]
2376 713 2530 769 Quem

1464 781 1656 830 Lovan.
1680 783 1840 847 Lego,
1877 800 2011 847 quem
2033 793 2240 850 respuat,
2288 789 2390 849 vel,
2411 791 2533 852 quod

1462 863 1671 920 respuat.
1725 858 1980 923 flagitium
2046 864 2371 925 proditionis.
2435 879 2532 928 pro

1412 961 1424 975 .
1460 932 1629 994 proeliu
1649 935 1830 983 solam
1873 935 2025 997 prim.
2064 938 2309 987 Vaticani
2347 940 2535 989 discre-

1465 1023 1594 1073 pans
1615 1011 1874 1075 scriptura
1894 1013 2082 1064 tollunt.
2115 1014 2183 1064 D.
2212 1016 2397 1067 Heius.
2449 1056 2456 1065 .
2515 1019 2522 1062 ἶ

1529 1089 1628 1135 279
1664 1087 1907 1139 Conuenae
1943 1090 2168 1153 habenas]
2228 1094 2350 1141 Cam
2380 1094 2534 1143 tradit

1467 1162 1702 1227 plerique
1727 1165 1932 1228 scripti,
1956 1173 2047 1216 aut
2069 1183 2174 1217 cum
2213 1171 2397 1232 tradat,
2429 1186 2534 1220 cum

1466 1238 1631 1301 aaut,
1646 1254 1751 1289 cam
1784 1242 1966 1305 turbat,
1988 1258 2095 1293 cum
2114 1248 2299 1308 prodit,
2321 1252 2374 1296 et
2399 1247 2537 1296 simi-

1467 1314 1558 1366 lia.
1623 1315 1782 1380 Puto,
1800 1332 1906 1367 cum
1926 1320 2097 1381 trudit,
2136 1321 2327 1370 velatum
2347 1323 2500 1372 {radit
2518 1340 2534 1371 .·

1470 1392 1636 1457 possit
1658 1400 1713 1444 et
1736 1410 1823 1444 cur
1843 1398 2006 1459 donat,
2026 1398 2125 1456 vel,
2148 1414 2276 1450 num.
2311 1399 2478 1451 Idem.

1532 1473 1630 1519 280
1664 1472 1818 1523 Tanta
1858 1475 2122 1538 provincia]
2178 1475 2243 1526 In
2282 1478 2407 1527 alias
2421 1509 2426 1518 ·
2441 1491 2535 1528 sex

1468 1545 1633 1604 divisa
1646 1566 1661 1611 ;
1688 1551 2073 1615 Carthaginem,
2085 1554 2403 1618 Numidiam,
2417 1555 2537 1604 Tri·

1470 1624 1651 1687 polim,
1688 1626 2017 1693 Byzantium,
2054 1630 2426 1680 Mauritaniam
2464 1630 2540 1681 Si·

1469 1698 1728 1765 tifensem,
1750 1703 2117 1756 Mauritaniam
2142 1708 2535 1758 Caesariensem.

1471 1775 1654 1827 Barth.

1536 1857 1631 1902 281
1666 1854 1869 1906 Animus
1888 1858 2143 1908 mutaverit
2162 1855 2352 1922 anceps]
2384 1858 2542 1924 Nutu-3

1472 1930 1595 1979 verit
1616 1930 1895 1994 legendum
1918 1948 2033 1983 cum
2050 1932 2354 1985 melioribus
2376 1934 2539 1987 libris.

1473 2004 1640 2056 Aldus
1661 2014 1719 2058 et
1740 2008 1923 2072 scripti
1960 2010 2190 2059 nonnulli
2209 2010 2419 2061 animum
2439 2027 2539 2061 mu-

1474 2084 1683 2134 taverit.-
1716 2084 1853 2134 unde
1893 2085 2107 2135 anim
2140 2090 2379 2137 nutaverit
2418 2088 2549 2154 olinr

1476 2159 1851 2218 emendandum
1877 2161 2172 2225 videbatur,
2191 2163 2328 2228 quod
2358 2163 2541 2213 Silium

1473 2236 1548 2287 sic
1562 2237 1790 2289 locutum
1809 2237 2158 2289 existimarem
2171 2240 2204 2290 1.
2222 2253 2261 2288 1.
2277 2239 2291 2266 ‘
2303 2240 2542 2289 Stantem

1478 2330 1574 2381 pru
1600 2330 1747 2367 muro
1769 2323 1825 2366 et
1860 2324 2131 2368 nutantem
2154 2316 2388 2366 membra
2408 2316 2543 2381 Cay-

1477 2391 1642 2441 cumz'
1676 2392 1751 2442 sic
1774 2393 1912 2442 enim
1938 2393 2115 2443 Oxon.
2139 2393 2290 2455 liber,
2320 2407 2422 2442 non
2445 2408 2544 2442 mo·

1474 2475 1678 2530 tutem,
1700 2471 1781 2520 vel
1798 2476 2057 2522 mutantem
2071 2487 2088 2520 .·
2111 2473 2197 2521 vel
2221 2486 2336 2519 cum
2361 2471 2544 2522 Colon.

1469 2543 1493 2584 .‘
1512 2543 1836 2595 minitantem
1854 2559 1988 2594 vana
2002 2546 2035 2596 ι’
2061 2547 2144 2595 vel
2159 2561 2275 2596 cum
2292 2548 2354 2596 P.
2370 2547 2547 2597 Victo-

1476 2618 1562 2671 rio
1583 2618 1896 2669 ‘mutantem
1914 2621 2074 2671 verba
2085 2622 2115 2672 ι’
2138 2622 2172 2671 1.
2195 2636 2272 2672 v1.
2297 2623 2311 2650 ‘
2335 2621 2552 2673 Arduus*

1478 2695 1566 2745 ille
1576 2710 1733 2759 super
1743 2697 1952 2748 tumidis
1961 2698 2249 2748 cervicibus
2263 2699 2424 2751 altum
2438 2700 2548 2750 Nu-

1482 2778 1565 2822 tat
1598 2779 1820 2837 utroque
1857 2774 2068 2838 caput:'
2101 2776 2175 2825 sic
2200 2776 2383 2826 Colon.
2413 2775 2548 2840 opti·

1481 2863 1625 2901 mus:
1646 2849 1680 2899 l.
1696 2862 1839 2899 xvn.
1859 2851 1874 2878 ‘
1894 2850 2037 2903 Quos
2054 2850 2141 2900 ubi
2156 2857 2400 2900 nutantes
2424 2863 2548 2901 con·

1481 2925 1931 2989 spexitAmilcare
1950 2934 2122 2977 cretus
2153 2928 2324 2989 Terga
2355 2925 2495 2990 fugae
2513 2923 2547 2975 ι’

1483 3001 1740 3066 quomodo
1769 3003 1935 3066 prima
1953 3002 2133 3064 editio,
2164 3017 2267 3052 non
2285 3006 2520 3053 mutantes
2534 3019 2551 3050 .-

1483 3091 1622 3128 nunc
1646 3078 1939 3127 accuratius
1963 3079 2079 3133 loca
2100 3078 2187 3127 illa
2207 3077 2553 3141 perpendenti

1484 3154 1652 3218 primo
1677 3169 1826 3204 versu
1847 3156 2101 3205 nudantem
2120 3154 2344 3217 membra,
2360 3161 2415 3205 et
2449 3158 2553 3202 ter-

1459 3231 1560 3281 ·tio
1581 3233 1814 3284 nudantes
1851 3237 2012 3294 terga,
2046 3231 2379 3282 scribendum
2408 3230 2554 3280 vide-

1478 3311 1591 3362 tur.
1658 3307 1753 3356 Est
1775 3307 1911 3355 enim
1947 3307 2156 3371 Virgilii
2194 3307 2285 3355 illa
2323 3306 2553 3363 imitatus

1484 3383 1759 3433 AEneid.v.
1793 3384 1897 3433 ‘Et
1940 3399 2076 3440 nunc
2115 3390 2265 3448 terga
2294 3382 2436 3446 fugae
2459 3397 2553 3435 nu-

1442 3498 1445 3503 .
1485 3458 1636 3521 dant,
1660 3474 1797 3509 nunc
1834 3460 2037 3523 spicula
2077 3467 2285 3510 vertunt
2322 3456 2556 3511 Infensi?

1484 3535 1685 3587 medius
1713 3549 1887 3589 versus
1906 3535 2236 3585 distinetione
2259 3543 2379 3599 post
2399 3533 2458 3582 τὸ
2477 3549 2558 3584 su·

1481 3611 1859 3676 perjuvandus.
1916 3610 2002 3660 Ad
2027 3612 2371 3665 Claudianum
2394 3611 2557 3676 igitur

1487 3694 1548 3743 ut
1587 3696 1929 3751 revertamur,
1980 3702 2095 3738 cum
2142 3690 2334 3738 Lovan.
2384 3688 2559 3739 animis

1485 3764 1727 3814 nutam-it
1745 3764 2007 3827 exhibeat,
2020 3765 2189 3814 nullus
2206 3765 2387 3815 dubito
2407 3765 2557 3814 animi

1487 3842 1728 3891 nutam-it
1759 3857 1930 3906 anceps
1962 3842 2268 3906 legendum:
2306 3840 2384 3891 sic
2417 3841 2558 3904 alibi,

1489 3918 1505 3946 ‘
1531 3916 1820 3981 Ambiguus
1865 3920 1989 3968 vitae
2014 3919 2184 3982 jacuit
2201 3918 2233 3967 :'
2278 3924 2333 3968 et
2386 3917 2557 3982 ‘Ergo

1491 3994 1647 4051 animi
1669 3995 1883 4045 victus:’
1902 4005 1960 4045 et
1981 3997 2134 4046 Cous.
2157 3991 2360 4064 Manlii,
2375 4010 2425 4046 ν.
2440 3999 2557 4046 211.

1489 4072 1505 4100 ‘
1528 4072 1612 4123 Sic
1637 4073 1838 4135 patiens
1862 4072 2016 4122 animi
2042 4088 2135 4136 per
2174 4080 2322 4121 tanta
2344 4070 2559 4135 negotia

1491 4148 1620 4198 liber
1647 4148 1924 4212 Emergitz’
1947 4150 2204 4214 quomodo
2222 4156 2370 4201 vetus
2390 4148 2557 4198 libert

1492 4227 1616 4275 nihil
1640 4228 1801 4288 magis
1836 4226 2074 4276 obvium:
2112 4228 2248 4289 apud
2280 4222 2560 4287 Apuleium

1494 4306 1549 4355 in
1571 4307 1923 4369 Metamorph.
1963 4306 2141 4355 libris:
2178 4304 2355 4366 Impos
2389 4297 2564 4364 animi,

1494 4381 1744 4446 infirmus,
1761 4396 1921 4448 εμπ,
1940 4381 2165 4453 saucius,
2188 4390 2370 4429 vecors
2389 4373 2563 4441 animi,
