2992 4925
440 372 614 440 1562

441 547 561 584 arce
584 532 758 583 clausa
773 529 892 582 fnit.
945 530 1124 581 Barth.

489 613 603 660 2⁹³
633 608 768 659 eolla
788 607 997 659 autenm·
1017 622 1061 656 r.
1081 621 1123 656 s.
1147 602 1355 668 cenabo-2]
1374 604 1508 655 Cim·

442 685 651 735 brorum
669 685 868 747 Regem
884 696 947 731 eo
964 682 1147 745 praeiio
1157 695 1191 730 a
1205 681 1374 731 Mario
1388 694 1517 744 cap-

443 767 573 821 tum,
609 759 999 809 Teutobocbum
1045 757 1270 819 nomine,
1328 763 1512 806 auctor

444 835 748 899 Eutropius,
769 834 858 884 lib.
879 847 977 884 vn.
1011 833 1163 884 Iden.
1311 872 1317 877 .

508 918 606 965 294
647 914 750 966 Vile
771 912 931 975 decus]
979 912 1115 961 Vide
1155 910 1221 961 ad
1266 911 1512 975 Augusti-

443 1005 585 1055 num,
603 990 694 1040 lib.
716 1003 754 1040 1.
777 1003 894 1053 cap.
921 994 967 1040 1.
990 987 1201 1050 Hor-ror,
1219 988 1389 1050 timor,
1404 1002 1511 1037 me-

445 1074 564 1127 tus3
600 1065 887 1130 periculum
910 1066 1097 1130 ipsum.
1133 1066 1281 1115 Idan.

507 1148 603 1194 29⁶
654 1143 885 1205 Ingentes
920 1139 1193 1207 geminent]
1266 1140 1511 1189 Gener-m

444 1223 666 1272 Lucens.
689 1226 744 1269 et
769 1219 992 1284 Gyrald.
1032 1218 1123 1268 sed
1147 1217 1300 1266 male.
1336 1213 1510 1265 Infra:

444 1299 611 1350 ‘Cum
654 1298 904 1348 Trebiam
963 1312 1105 1348 saevo
1167 1297 1515 1361 geminassent

446 1375 662 1425 vulnere
686 1376 878 1425 (lannoe
898 1373 932 1423 ι’
964 1374 1043 1423 sic
1075 1379 1129 1423 et
1173 1372 1296 1423 alibi
1317 1378 1512 1424 noster.

452 1450 523 1501 D.
541 1449 716 1501 Heius.

512 1531 608 1578 29⁷
647 1528 764 1577 Post
779 1525 945 1589 terga]
971 1527 1157 1576 Retro.
1191 1526 1369 1576 Barth.

463 1614 474 1643 ἑ
512 1609 612 1656 800
649 1604 878 1655 considet
917 1617 1057 1665 reg-n.
1097 1602 1351 1666 Βὶιοάαιιο]
1409 1602 1517 1653 Hic

445 1681 664 1733 Stilicho
684 1680 867 1731 incitat
890 1694 1009 1728 snos
1031 1680 1166 1728 male
1190 1686 1520 1741 cunctantes,

448 1765 604 1822 atque
628 1771 662 1807 a
677 1755 804 1820 fuga
819 1757 871 1807 in
891 1756 1114 1806 Galliam
1132 1755 1384 1805 deterret.
1418 1757 1517 1805 Le-

449 1833 616 1898 gimus
639 1847 763 1882 vero
789 1833 1077 1883 Honor-ium
1099 1832 1328 1897 Alarico,
1366 1847 1516 1898 agros

450 1917 506 1961 et
540 1909 832 1976 provincias
872 1910 1095 1974 petenti,
1135 1908 1359 1960 Galliam
1394 1924 1517 1959 con-

450 1988 681 2038 cessisse.
748 1987 1048 2038 Cavendum
1092 1992 1178 2035 est
1214 2000 1338 2036 sane
1380 1984 1518 2037 bono

451 2064 574 2116 duci
599 2079 666 2115 ne
685 2063 1015 2115 dubitantem
1039 2068 1131 2113 aut
1151 2060 1517 2113 formidantem

450 2142 737 2192 exercitum
800 2141 866 2191 ad
942 2154 1167 2204 pugnam
1225 2140 1481 2203 producat
1499 2155 1516 2190 ι

448 2218 681 2283 quamvis
708 2218 887 2268 Caesar
920 2219 936 2245 ‘
975 2216 1210 2266 Verbere
1253 2228 1518 2267 conversae

450 2300 713 2345 cessantes
736 2294 954 2344 suscitet
967 2292 1164 2344 hastas!
1201 2293 1387 2343 Clam.

465 2390 470 2397 ·
513 2374 611 2420 ³01
647 2369 911 2419 Stiinulant
932 2370 975 2418 si
991 2369 1222 2435 Ρᾶςιιονα]
1272 2371 1519 2421 Necessi-

453 2446 690 2498 tudines:
711 2445 825 2497 aliis
843 2447 895 2495 in
919 2445 1216 2496 discrimine
1240 2447 1355 2512 ipso
1378 2447 1519 2499 able·

453 2529 589 2587 gatoe
608 2536 833 2587 prorsus,
849 2528 907 2572 ut
922 2522 1112 2585 Tyriis,
1128 2521 1259 2572 urbe
1276 2522 1342 2572 ab
1363 2522 1520 2573 Alex-

454 2599 619 2650 andro
634 2600 863 2663 obsessa,
877 2599 1259 2663 Carthaginem.
1284 2601 1519 2664 Curtius,

451 2676 541 2726 lib.
558 2691 634 2727 ιν.
669 2676 846 2726 Barth.

518 2757 616 2803 ³02
652 2753 928 2816 amon-der]
959 2752 1163 2817 Saepius
1180 2753 1363 2816 tangit.
1381 2753 1522 2804 Mor-

456 2843 542 2880 sus
564 2829 702 2880 enim
724 2829 961 2880 stimulus
985 2828 1282 2880 affectuum.
1316 2832 1466 2882 Idem.

519 2910 615 2957 3⁰³
650 2907 801 2957 Ferro
820 2909 961 2957 corda
980 2905 1165 2969 rigent]
1211 2906 1521 2956 Proverbia-

453 2984 518 3034 Ἀθ
535 2984 750 3047 locutio,
770 2984 1134 3048 rigidissimum
1167 2983 1420 3035 bominem
1443 2985 1521 3034 in-

454 3062 655 3112 dicans.
691 3063 841 3112 Idm.
1305 3125 1311 3134 .

527 3140 596 3188 Ut
610 3154 744 3189 nosse
762 3138 992 3201 recusem]
1010 3138 1097 3188 Ita
1109 3139 1370 3189 meliores.
1393 3138 1521 3189 Vul-

458 3229 524 3279 go
545 3213 701 3265 aut'n.
724 3220 964 3264 recusant.
1006 3215 1078 3264 D.
1107 3213 1293 3264 Heius.

463 3295 470 3321 s
521 3294 618 3340 ΞΜ
652 3290 881 3341 Samum
902 3290 1075 3353 σοαπ-ι’]
1143 3289 1395 3342 Adulatio
1438 3306 1524 3342 oc·

360 3425 363 3429 Α
457 3366 630 3429 culta;
655 3366 887 3416 omnibus
912 3364 1191 3416 affectibus
1213 3380 1523 3430 praeponen-

460 3444 527 3494 tis
547 3442 887 3508 Imperatoris
907 3441 1090 3506 generi
1112 3455 1305 3492 curam.
1341 3443 1523 3493 Barth.

522 3525 617 3571 305
656 3522 876 3578 Quantus
889 3520 1041 3584 prolis
1055 3518 1210 3582 amor]
1243 3520 1361 3571 Quo
1384 3521 1525 3571 nulla

459 3612 701 3662 umquam
742 3597 1004 3647 strictiore
1034 3596 1254 3646 caritate
1292 3597 1523 3647 homines

463 3682 651 3724 natura
673 3674 928 3724 devinxit.
962 3675 1112 3724 Idem.

457 3763 470 3771 ·
524 3753 622 3800 306
674 3749 971 3812 Obscoenam]
1032 3750 1282 3813 Turpem,
1330 3750 1527 3813 puden·

457 3825 600 3875 dam.
664 3826 873 3876 Latebra
891 3840 1104 3876 numero
1134 3825 1347 3877 unitatis
1370 3825 1525 3876 inusi-

461 3903 639 3953 tatior.

531 3979 696 4030 Pietas
716 3978 913 4044 ignava]
925 3979 1064 4028 Talis
1078 3978 1221 4029 facta
1245 3979 1311 4029 ob
1328 3986 1524 4031 metum

455 4053 519 4105 et
536 4054 781 4105 adversas
799 4070 903 4120 res»,
931 4055 1013 4105 vel
1038 4071 1212 4105 amore
1235 4056 1391 4107 nimio
1409 4072 1526 4107 suo-

457 4146 590 4181 rum.
624 4132 804 4182 Barth.

527 4212 623 4258 30⁷
657 4209 762 4258 Nec
782 4206 1088 4271 vobisfortis]
1120 4207 1215 4257 Uti
1237 4208 1371 4258 solet
1390 4209 1527 4259 verti

462 4283 876 4351 magnanimitas,
933 4283 1034 4336 sibi
1076 4289 1254 4349 cauta,
1310 4284 1424 4337 aliis
1465 4286 1525 4335 ii·

773 388 996 436 NOTAE
1038 386 1442 435 vAmoRUu
1490 386 1567 434 m
1618 386 1735 437 ct..
1766 385 2047 435 chaun.
2090 383 2310 434 XXVI.

1582 527 1728 588 bera,
1807 527 2224 593 contemtrixque
2280 524 2648 615 periculorum.

1587 606 1739 654 Idem.

1600 685 1744 731 ,8⁰8
1778 676 2476 744 Hicesnjmhicprogoeieo]
2526 676 2648 743 Pig-

1581 773 1729 822 nora,
1752 757 1939 823 inqnit,
1957 756 2231 807 fidelitatis
2252 769 2382 806 meae
2404 755 2461 804 in
2493 755 2648 804 Rem·

1587 835 1869 901 publicam.
1935 833 2177 883 Pertinet
2211 834 2315 883 huc
2353 831 2496 898 quod
2530 844 2650 881 con-

1581 911 1764 961 sultior
1788 910 2118 976 Reipublicae
2152 910 2407 974 Princeps
2437 922 2558 958 cum
2592 908 2652 957 li-

1583 988 1741 1050 beris,
1763 1002 1916 1052 quam
1938 986 2188 1051 improlis.
2223 988 2376 1037 Idem.

1651 1064 1753 1114 Hic
1771 1064 1965 1128 coniux]
1997 1065 2339 1114 Demonstrat
2357 1062 2569 1127 insignis
2588 1061 2652 1111 il-

1585 1144 1637 1193 le
1659 1145 1806 1204 Dux,
1842 1157 1942 1192 nec
1979 1157 2099 1192 suos
2123 1142 2363 1208 periculo
2380 1139 2653 1201 subtrahi3

1587 1219 1801 1268 Romam
1820 1233 1918 1283 pro
1940 1219 2049 1268 solo
2071 1216 2233 1268 natali
2255 1224 2312 1266 et
2329 1222 2548 1281 parente
2563 1216 2655 1265 ad·

1586 1296 1810 1360 gnoscit.
1847 1296 2035 1345 (Ἱππ.

1606 1406 1613 1411 -
1654 1373 1825 1422 Carior
1844 1372 1972 1421 omi
1993 1372 2115 1436 lnce]
2165 1370 2389 1421 Summae
2430 1369 2655 1420 formula

1587 1448 1900 1498 dilectionis.
1932 1448 2113 1498 Bur-tlt.

1653 1529 1750 1575 3⁰9
1783 1522 2398 1588 Procellae]‘1'empestati,
2420 1521 2654 1572 adversae

1589 1602 1851 1653 Fortuna.
1887 1603 2039 1652 Iden.

1653 1683 1751 1729 ³10
1785 1679 1979 1728 Nostm
1999 1677 2194 1741 nentis]
2239 1675 2477 1741 Vincula,
2498 1674 2655 1725 animi

1591 1755 1835 1805 amicitiae
1858 1755 2072 1819 propior
2095 1767 2275 1803 nexus.
2310 1753 2462 1802 Idem.

1657 1836 1754 1882 311
1791 1831 2033 1895 Pignora]
2107 1831 2189 1882 Cl.
2235 1827 2531 1880 Gronovius
2591 1824 2658 1878 ad

1591 1910 1836 1971 Statium,
1899 1922 2015 1972 cap.
2060 1911 2139 1957 18.
2211 1904 2483 1956 Dian-ibes
2542 1918 2661 1955 cum

1591 1986 1801 2049 scriptis
1836 1982 2252 2049 castigatioribus
2293 1982 2494 2034 Vincula
2535 1981 2662 2031 scri·

1592 2063 1821 2115 bendum
1856 2063 1969 2127 jam
2015 2062 2177 2123 vidit3
2221 2067 2378 2124 atque
2418 2059 2500 2109 ita
2532 2060 2663 2108 Bar-

1591 2141 1747 2190 tbius.
1779 2139 1945 2190 Rutil.
1988 2138 2232 2189 Itinerar.
2273 2138 2401 2186 ‘lile
2424 2150 2557 2186 meae
2582 2150 2663 2185 se-

1591 2231 1707 2268 cum
1741 2215 2040 2266 dulcissima
2074 2216 2277 2265 vincula
2298 2228 2459 2276 curae,
2498 2213 2662 2282 Filius

1593 2291 1807 2353 affectu,
1864 2293 2028 2356 stirpe
2066 2291 2411 2356 propinquus,
2464 2287 2665 2339 habet?

1595 2372 1843 2434 Propert.
1874 2371 1891 2397 ‘
1916 2368 2193 2432 Sanguinis
2215 2374 2272 2417 et
2291 2366 2432 2417 chari
2455 2366 2665 2416 vincula

1596 2449 1742 2513 rupit
1758 2460 1920 2498 amor.
1924 2445 1939 2470 '
1960 2446 2161 2497 Seneca
2186 2443 2398 2509 Hippoi.
2416 2442 2432 2471 ‘
2451 2443 2666 2496 Quanto

1596 2530 1841 2588 parentes
1880 2522 2140 2586 sanguinis
2175 2520 2343 2570 vinclo
2379 2526 2527 2570 tenes
2554 2521 2666 2571 Na·

1597 2601 1757 2651 tura?
1791 2602 1861 2652 D.
1884 2600 2056 2650 Heius.

1660 2683 1757 2729 812
1792 2679 1956 2727 Min-is
1974 2678 2191 2742 impende
2216 2675 2431 2738 tuendis]
2496 2676 2613 2725 Ea'
2599 2691 2667 2725 ir·

1596 2756 1846 2819 ruptione
1857 2754 2152 2804 Gothorum
2169 2752 2371 2803 Urbem
2387 2752 2536 2802 novis
2554 2767 2668 2801 mu·

1596 2831 1666 2880 ris
1701 2830 1950 2881 munitam
1988 2830 2210 2882 Honorii
2239 2829 2388 2894 jussu
2427 2829 2553 2878 alibi
2588 2829 2666 2878 his

1597 2908 1741 2961 libris
1759 2913 2018 2970 notamus,
2041 2914 2097 2957 et
2119 2906 2315 2957 indicat
2334 2906 2420 2955 hic
2443 2906 2525 2956 vir
2548 2905 2669 2956 doc·

1597 2990 1698 3035 tus.
1760 2984 1863 3033 Sed
1903 2999 1966 3033 an
2005 2998 2108 3035 non
2142 2983 2448 3048 simpliciter
2490 2984 2666 3048 potius

1597 3061 1740 3112 urbis
1765 3061 2040 3111 tuitionem
2084 3063 2345 3126 loquatur,
2386 3059 2511 3109 dum
2550 3060 2666 3126 ipse

1594 3137 1784 3200 aberit,
1807 3138 2040 3200 Stilicho,
2061 3138 2157 3188 boc
2178 3137 2301 3200 ioci,
2318 3138 2534 3200 nescio;
2569 3152 2666 3188 nec

1597 3220 1677 3264 est
1703 3214 1852 3264 tanti.
1886 3215 2063 3265 Barth.
2592 3281 2597 3282 ⁷

1663 3290 1848 3354 Muris]
1922 3290 2007 3340 De
2061 3291 2245 3340 horum
2289 3290 2665 3342 restauratione

1599 3372 1772 3417 exstat
1793 3367 2069 3429 praeciara
2055 3367 2344 3432 inscriptio
2359 3379 2516 3434 quam
2532 3367 2668 3417 refe·

1600 3443 1760 3494 rimus
1784 3444 1985 3509 Paneg.
2009 3460 2087 3494 vr.
2112 3445 2353 3509 Honorii,
2390 3445 2666 3524 ubimulta

1598 3522 1698 3572 huc
1722 3521 2051 3585 pertinentia.
2089 3522 2275 3572 Claver.

1665 3601 1760 3648 313
1795 3598 1990 3647 Lectum
2012 3597 2176 3663 robur]
2218 3597 2443 3648 Militem
2467 3613 2537 3649 ex
2560 3612 2666 3649 om-

1599 3674 1748 3724 nibus
1791 3672 2143 3740 stipendiariis
2182 3674 2495 3740 auxiliisque
2535 3674 2669 3724 elec·

1603 3758 1710 3800 tum
1737 3764 1868 3802 xxx.
1883 3765 2121 3801 numeros
2144 3751 2367 3801 militum
2399 3751 2666 3816 habuisse,

1602 3826 1788 3892 quibus
1808 3827 2142 3890 Rhadagaisti
2165 3827 2342 3894 copias
2363 3826 2673 3892 confecerit,

1599 3904 1960 3968 Stilichonem,
1997 3894 2177 3954 scribit
2221 3903 2482 3967 Zosimus,
2528 3919 2669 3956 eum·

1601 3994 1701 4045 que
1745 3981 2031 4030 exercitum
2085 3980 2231 4030 illum
2293 3985 2461 4030 totum
2507 3978 2667 4030 fuisse

1603 4071 1754 4121 quem
1772 4057 1822 4106 in
1838 4057 2049 4121 Liguria
2067 4056 2315 4148 habuerit
2331 4056 2668 4123 Respublica.

1603 4132 1780 4181 Barth

1666 4212 1862 4262 Lectum
1883 4189 2047 4277 robur]
2100 4211 2237 4276 Ergo
2288 4225 2391 4262 non
2428 4210 2672 4263 subitarii

1600 4288 1812 4353 milites,
1829 4294 1920 4339 aut
1932 4288 2149 4338 desueta
2169 4286 2308 4340 bello
2329 4288 2554 4353 agmina,
2577 4287 2668 4339 sed
