2992 4925
871 385 971 436 DE
1018 386 1291 436 Mamm
1336 386 1628 439 ἘΗΒ-ΟΠ..
1663 387 1875 440 (1οΝΒὶ
1927 425 1936 434 .

342 530 411 580 oo
434 489 765 593 Gaudusfsti]
786 529 1020 582 Summas
1043 531 1343 583 Potestates

276 612 337 657 et
358 607 707 670 Magistratus
726 608 971 657 Romanis
993 607 1178 659 fatales
1200 609 1345 658 liabi-

2269 453 2274 462 ,
2303 361 2492 444 uss

1415 537 1640 583 meres.
1683 529 1819 584 Vide
1842 539 2018 592 tamen
2037 539 2158 598 qun
2172 534 2330 597 paulo
2352 540 2477 587 ante

1416 608 1484 658 ad
1508 622 1586 658 vs.
1603 611 1686 658 st.
1717 622 1815 671 pro
1836 609 2052 673 vulgata
2066 608 2326 674 scriptura
2346 609 2482 694 dixig

274 688 379 770 tos,
401 683 523 733 alibi
540 684 846 733 monuimus.
903 685 1032 734 Fata
1051 686 1125 734 sic
1146 699 1244 749 pro
1266 685 1347 749 ip·
1413 698 1543 733 mus.
1575 684 1646 733 D.
1665 684 1844 734 Heius.

272 758 351 810 sis
369 758 729 823 dignitatibus
750 767 840 809 aut
876 761 1150 810 honoribus
1183 775 1341 825 pone·

269 833 484 898 bantur,
527 841 588 885 ut
629 844 946 887 commutare
988 851 1164 888 eorum
1214 838 1341 887 Fata

267 911 617 978 perhibentur
651 913 948 978 Principes,
985 928 1115 979 quos
1150 915 1204 963 in
1237 929 1341 964 me·

267 989 373 1039 lius
394 989 622 1054 erigunt.
689 991 884 1041 Gradus
905 999 1079 1042 autem
1095 992 1341 1042 interval-

268 1067 341 1128 la,
362 1066 433 1116 de
473 1067 757 1118 niinoribus
794 1069 860 1118 ad
900 1070 1140 1134 majores,
1160 1069 1339 1134 pleris-

268 1157 379 1208 qne
398 1142 556 1193 rebus
579 1143 901 1196 adscribunt.
930 1146 1113 1197 Barth.

331 1217 517 1268 Intulit
543 1219 707 1282 mis]
760 1220 929 1270 Induit
959 1221 1095 1271 alter
1128 1221 1338 1273 Moreti.

264 1294 532 1359 quomodo
553 1309 630 1346 vr.
657 1297 812 1346 Cous.
834 1296 976 1346 Hon.
1010 1298 1026 1326 ‘
1047 1311 1201 1364 quem
1234 1312 1339 1348 non

263 1368 447 1420 aliena
470 1383 566 1432 per
586 1383 710 1418 arva
732 1368 914 1421 Induit
931 1371 1118 1435 hospes
1138 1371 1319 1423 bonor.
1321 1371 1338 1395 ’

261 1445 425 1510 plura
445 1444 515 1494 de
535 1446 632 1495 hoc
653 1446 814 1497 verbo
835 1446 900 1497 ad
935 1449 969 1498 1.
992 1461 1060 1499 11.
1090 1448 1158 1499 de
1182 1450 1337 1515 Rapt.

262 1536 343 1572 vs.
368 1526 454 1572 93.
494 1523 565 1571 D.
593 1522 765 1574 Heius.
840 1557 847 1562 -

328 1602 398 1650 61
438 1599 596 1649 Parta
614 1600 769 1664 quies]
817 1600 948 1651 Post
981 1601 1337 1653 diuturnos-la-

258 1674 425 1728 bores
444 1677 750 1740 gratissima.
815 1677 1129 1729 Claudianus
1168 1694 1337 1730 seces·

259 1766 376 1802 sum
415 1752 719 1803 studiorum·
742 1754 914 1818 gratia
945 1754 1131 1804 Manlii
1174 1755 1335 1821 loqui·

258 1830 382 1892 tur-3
418 1829 610 1895 quibus
643 1831 891 1895 optimum
923 1831 1091 1881 virum
1129 1831 1202 1880 ita
1241 1831 1334 1880 im-

256 1918 496 1956 mersum
518 1904 695 1969 fuisse,
715 1915 774 1960 ut
793 1921 969 1958 rerum
990 1908 1332 1958 communium

256 1994 441 2029 curam
466 1981 614 2029 velut
634 1996 835 2033 omnem
852 1983 1122 2047 abjecerit.
1154 1981 1337 2034 Barth}

320 2061 394 2108 62
435 2058 708 2121 Privatum]
764 2057 852 2109 Ab
890 2060 1334 2112 administratione

256 2133 596 2198 publicorum
643 2134 948 2198 officiorum,
985 2138 1189 2201 privata
1226 2137 1336 2187 vita

160 2209 167 2216 '
256 2211 411 2260 velut
432 2209 491 2259 in
513 2217 721 2274 portum
739 2212 898 2275 venit,
912 2218 968 2262 et
987 2212 1336 2278 tranquillitas

257 2291 531 2336 censetur.
598 2287 760 2338 Quies
783 2294 956 2337 autem
978 2290 1197 2353 quaesita
1218 2302 1334 2338 eru·

259 2361 375 2411 dito
418 2362 534 2411 viro
567 2362 635 2411 ad
670 2364 1119 2416 commentandum
1151 2379 1335 2431 specu-

256 2435 598 2502 laudumque.

322 2512 559 2575 Portum]
607 2514 817 2564 Certum
853 2513 1115 2581 fidamque
1154 2517 1339 2571 statio-.

257 2602 405 2652 nem,
423 2596 594 2639 tutam
612 2590 677 2639 ab
697 2591 932 2642 omnibus
948 2592 1112 2643 turbis
1129 2600 1187 2644 et
1203 2601 1334 2645 tem·

256 2666 574 2731 pestatibus.
607 2666 785 2717 Barth.

322 2745 392 2791 63
418 2742 618 2805 Ingenii
633 2743 1041 2808 redeuntfluctus]
1072 2745 1336 2807 Nonfntc-

256 2823 356 2882 m,
393 2826 521 2868 octo
560 2819 758 2882 scripti.
793 2828 974 2883 portus
1016 2822 1169 2886 panio
1211 2827 1335 2871 ante

257 2894 594 2945 meminerat.
628 2896 861 2958 persistit
894 2896 946 2946 in
967 2910 1031 2946 ea
1053 2896 1332 2947 locutione.

246 2970 445 3030 fructus
488 2971 575 3021 vel
600 2971 786 3035 fluctus
817 2972 969 3037 prim.
1006 2972 1181 3023 Vatic.
1256 2974 1332 3024 D.

260 3047 440 3098 Heius.

323 3124 529 3187 Aliique,
547 3122 749 3187 labores]
796 3122 946 3175 Inest
962 3125 1080 3175 huic
1100 3124 1192 3174 alii
1211 3139 1334 3174 con-

262 3205 457 3249 temtus
483 3199 695 3264 quidam
713 3201 948 3250 occultus
969 3206 1025 3251 et
1046 3200 1335 3265 ingeniosus

260 3274 494 3337 priorum
522 3275 776 3326 laborum.
809 3278 986 3328 Barth.

324 3355 390 3401 64
432 3351 566 3402 Vitoe
582 3367 699 3416 pars
718 3352 1015 3416 naua-perit]
1065 3353 1234 3403 Perire
1256 3354 1331 3403 di-

258 3425 353 3488 cit,
372 3432 492 3492 q’uae
518 3428 653 3475 male
688 3427 1038 3491 impendatur,
1071 3435 1129 3478 ut
1152 3444 1333 3492 parum

257 3493 385 3553 ritae
398 3502 596 3552 habere
610 3502 934 3554 ambitiosum
946 3503 1200 3555 hominem
1220 3519 1330 3569 prae

261 3578 457 3643 quieto.

330 3654 689 3718 Quodcumque]
745 3657 1067 3720 Quocunque
1110 3655 1331 3706 ratione.

260 3728 376 3780 Nos
408 3732 724 3794 quodcumque
758 3731 824 3780 ad
856 3731 977 3781 vitae
1018 3739 1218 3795 partem
1256 3747 1333 3781 re-

260 3804 519 3856 ducimus.
611 3806 989 3871 Quodcumque
1035 3809 1155 3857 vitae
1191 3807 1334 3870 judi-

261 3879 359 3931 ciis
380 3881 595 3930 demere
632 3888 823 3944 potest,
861 3881 1117 3946 impendit
1146 3883 1331 3935 literis.

261 3957 665 4097 Bagulziicumque
685 4035 860 4084 recedit
882 4035 1088 4097 Litibus,
1108 4033 1334 4085 incwnbit

259 4112 453 4177 studiis]
487 4112 648 4161 Forte
667 4113 992 4163 scribendum
1012 4113 1200 4165 recidit.
1233 4112 1332 4162 boe

263 4194 366 4250 est,
401 4187 587 4240 demit.
635 4189 709 4238 sic
742 4190 913 4239 infra:
963 4205 1067 4255 qaue
1102 4205 1216 4254 pars
1258 4190 1332 4239 in-

251 4261 612 4324 justurecidut.
645 4263 735 4312 ubi
772 4264 931 4313 etiam
963 4266 1161 4317 recedat,
1183 4265 1333 4317 multi

394 4343 572 4410 Delpb.
588 4347 637 4396 et
666 4341 782 4395 Vur.
799 4346 929 4398 Clas.
976 4378 983 4383 -

1295 4346 1468 4396 Claud.

1475 763 1544 808 65
1596 759 1808 823 Litibue]
1874 760 2183 840 Forensibus
2231 761 2473 827 negotiis.

1411 835 1590 887 Barth.
2467 852 2482 880 s

1475 915 1542 960 66
1557 911 1659 961 Aut
1681 927 1842 962 curum
1857 914 2486 979 &munitm-almannus

1411 986 1596 1052 Musis]
1623 986 1713 1037 Sic
1751 994 1809 1037 et
1841 988 2041 1053 scripti.
2067 990 2259 1040 »malim
2296 989 2478 1041 nibilo-

1409 1063 1598 1124 minns,
1618 1066 1865 1127 expendit.
1898 1067 1971 1117 D.
1994 1065 2180 1116 Heius.

1506 1140 1716 1204 Imponit
1760 1140 1971 1205 populis]
2051 1144 2220 1207 Leges
2283 1155 2478 1209 nempe

1409 1215 1514 1268 suis
1534 1218 1941 1269 oraculis‘velnt.
2005 1218 2194 1283 Virgil.
2208 1220 2412 1284 θεοῖς.
2435 1233 2477 1273 1.

1405 1291 1425 1319 ⁴
1446 1292 1538 1342 has
1569 1294 1732 1357 leges,
1766 1301 2068 1361 aeternaque
2095 1294 2296 1346 foedera
2314 1296 2488 1348 certis

1409 1368 1667 1434 Imposuit
1684 1373 1890 1424 Natura
1911 1372 2063 1423 locis.
2064 1371 2080 1395 ’

1477 1448 1596 1498 Otia
1613 1449 1793 1512 Musis]
1828 1450 2029 1511 Otium,
2048 1449 2218 1501 studia
2235 1461 2473 1502 curarum

1407 1521 1684 1590 fugientia,
1738 1541 1926 1591 expers
1981 1527 2094 1577 vita
2144 1527 2474 1577 tumultuum.

1407 1599 1589 1652 Barth.

1471 1682 1537 1727 67
1587 1679 1825 1743 Cecropia
1860 1679 2078 1743 senecta]
2125 1639 2478 1743 Antiquitatis

1410 1754 1753 1807 Graecanicae.
1823 1756 1987 1807 Senes
2012 1762 2135 1806 sunt
2154 1755 2474 1819 Philosophi,

1408 1831 1776 1882 auctoritatem
1854 1833 2127 1897 sapientiae
2200 1831 2475 1883 babentes.

1405 1906 1560 1956 Idem.

1475 1982 1651 2033 Omnia
1676 1983 1944 2049 Cecropioe]
1976 1983 2083 2033 Hic
2105 1982 2327 2033 docetur
2342 1982 2480 2032 Mal-’-

1405 2056 1532 2108 lium
1553 2058 1711 2110 fuisse
1732 2061 1849 2125 plus
1869 2060 1996 2112 satis
2016 2058 2351 2110 curiosum-in
2372 2057 2475 2107 dis·

1407 2135 1707 2198 ceptatione
1730 2135 2101 2200 philosophica.
2140 2135 2330 2185 Cluver-
2461 2154 2472 2172 ³

1469 2211 1537 2257 68
1585 2208 1862 2260 Discutiens
1900 2210 2024 2274 qnod
2055 2208 2247 2274 indque
2281 2209 2474 2274 mum]

1409 2282 1550 2338 Quia„
1560 2284 1712 2348 prim.
1738 2284 1979 2337 Vatican.
1998 2284 2187 2351 aliique
2220 2286 2470 2336 nonnulli.

1407 2357 1585 2422 Forte,
1606 2362 1728 2423 quod
1746 2361 1935 2425 quisque
1955 2362 2079 2411 novi.
2126 2360 2198 2411 D.
2222 2359 2405 2410 Heius.

1475 2436 1605 2492 Quid
1626 2437 1835 2502 quisque.
1851 2437 2044 2502 novum]
2091 2437 2263 2489 Aures
2300 2437 2477 2488 Philo-

1405 2514 1631 2578 sopbieae
1671 2529 1921 2565 novarum
1947 2516 2293 2565 doctrinarum
2330 2514 2475 2579 cupi-

1406 2589 1509 2640 dae.
1543 2591 1722 2641 Barth.

1470 2671 1539 2717 69
1563 2667 1862 2732 Quantam]
1897 2666 2040 2718 Quot
2062 2664 2350 2730 agminibus
2370 2663 2473 2715 sin-

1406 2743 1542 2806 gulae
1565 2749 1725 2793 sectae
1747 2746 2022 2809 stipentur.
2055 2743 2178 2793 Non
2199 2743 2335 2792 euim
2354 2756 2473 2790 aues

1405 2824 1552 2867 tores
1597 2825 1798 2869 tantum
1856 2826 2114 2869 sectarum
2158 2818 2472 2882 singularum

1406 2909 1525 2944 suas
1557 2895 1818 2946 habebant
1851 2897 2091 2959 asseclas,
2114 2895 2208 2945 sed
2231 2894 2473 2957 discipuli

1408 2985 1616 3036 quoque
1650 2970 1746 3020 sub
1777 2971 2077 3023 doctoribus
2114 2972 2276 3033 velut,
2314 2977 2473 3037 atque

1406 3047 1828 3097 eminentioribus
1870 3046 1992 3096 iude
2037 3048 2381 3108 adhaerentes,
2417 3048 2482 3096 in

1405 3137 1511 3175 una
1554 3130 1696 3173 secta
1738 3122 1949 3173 diversa
1991 3123 2199 3186 agmina
2231 3120 2472 3175 conficie-

1407 3198 1555 3250 bant.
1620 3199 1801 3251 Donec
1822 3215 1886 3250 eo
1906 3214 1988 3251 res
2011 3199 2248 3258 redierit,
2271 3204 2331 3247 ut
2352 3198 2476 3248 Phi.-

1405 3276 1638 3340 losophia
1654 3292 1823 3328 merus
1840 3283 1973 3327 esset
1992 3278 2171 3326 titulus
2186 3292 2201 3335 ς
2237 3275 2476 3325 Heroum

1407 3360 1642 3404 veterum
1681 3355 1903 3412 nomina,
1945 3353 2031 3417 qui
2069 3351 2298 3403 familias>
2328 3350 2473 3399 velut

1407 3427 1673 3491 fecissent,
1707 3444 1850 3478 mera
1880 3428 2021 3492 vulgi
2053 3426 2298 3488 ludibria,
2324 3431 2386 3474 ut
2405 3436 2482 3475 ex

1409 3503 1601 3568 Gellio,
1622 3505 1872 3566 Lucieno,
1890 3505 2109 3567 aliisque
2131 3501 2314 3551 videre
2327 3499 2473 3549 licet.

1408 3582 1619 3642 Agmina
1641 3596 1769 3644 ergo
1791 3582 1924 3630 scite
1947 3578 2096 3630 dixit.

1473 3655 1654 3719 Secta]
1687 3654 1839 3704 Secfoe
1861 3653 2074 3704 familiae
2096 3659 2219 3702 sunt
2239 3651 2474 3700 Philoso-

1408 3731 1642 3795 phorum.
1683 3722 1862 3780 ''Secta
1883 3728 2017 3777 enim
2049 3726 2285 3777 doctrina
2320 3740 2473 3791 quam

1407 3807 1522 3870 quis
1544 3805 1873 3869 proposuerit
1899 3804 2217 3870 sequendam
2240 3819 2352 3868 prae
2374 3816 2475 3854 caer-

1408 3881 1553 3931 teris.
1591 3881 1771 3931 Barth.

1470 3962 1537 4007 70
1576 3958 1787 4021 Namque
1812 3957 1938 4022 aliis,
1969 3956 2076 4022 ism]
2123 3955 2219 4006 Ne*
2246 3955 2476 4020 singilis,-

1409 4034 1503 4083 tim
1533 4049 1753 4099 quaeque
1792 4049 2061 4099 exponam,
2091 4037 2383 4096 opponatur
2405 4047 2474 4082 ex

1409 4110 1743 4160 contentione
1765 4110 1911 4160 locus
1933 4109 2017 4160 hic
2054 4109 2318 4160 Ciceronis
2340 4108 2475 4158 Aca-

1409 4186 1546 4235 dem.
1569 4187 1606 4237 l.
1626 4200 1702 4237 iv.
1725 4192 1779 4236 et
1793 4186 1966 4236 Sidon.
1984 4184 2296 4249 Epithalam.
2303 4184 2474 4236 Pole
2483 4210 2488 4215 ·

1408 4263 1500 4316 mii
1522 4270 1580 4315 et
1599 4261 1895 4316 Araneolae.
1925 4262 2114 4315 Dela-io.
2279 4283 2284 4287 ·
2381 4296 2388 4303 -
