2992 4925
1160 425 1666 478 sssoENMNA.
1797 410 1818 458 ²

317 592 574 629 mansura.
608 576 757 627 Ideni.

376 660 438 705 18
477 652 792 716 Tamjunetiu
811 650 1047 716 manibus]
1077 651 1216 718 Tam-
1233 654 1381 701 arcta

316 732 524 797 copula.
558 732 709 783 Idem.

373 813 438 859 19
474 806 661 871 Edere]
706 807 840 860 Quae
875 804 930 855 in
969 805 1265 868 exemplum
1291 802 1381 854 du-

309 883 450 936 citur
464 885 668 935 strictae
689 881 1016 948 alligationis.
1052 880 1204 929 Idem.

371 965 437 1011 21
476 959 851 1022 Querulaalite]
893 957 1196 1008 Columbam
1219 954 1381 1006 dicit:

308 1037 460 1102 cnjus
488 1038 546 1088 in
568 1036 722 1087 rebus
760 1050 990 1086 amorum
1023 1035 1213 1083 crebra
1240 1047 1380 1083 men-

309 1114 404 1178 tio,
442 1114 512 1164 ob
546 1113 958 1177 simplicitatem,
988 1112 1306 1173 castitatem,
1327 1118 1382 1162 et

307 1191 663 1244 constantiam
680 1191 972 1241 dilectionis
984 1196 1202 1253 mutuae,
1221 1190 1273 1239 in
1283 1190 1381 1239 hoc

304 1279 503 1333 genere
528 1269 638 1318 avis
673 1274 1011 1317 contestatas.
1078 1267 1184 1316 Hic
1212 1267 1279 1316 de
1303 1282 1381 1316 os-

309 1345 440 1395 culis
463 1350 523 1394 et
545 1344 791 1393 suavibus
824 1342 1379 1393 admurmurationibus

280 1438 292 1449 ·
310 1422 473 1471 solum
517 1436 686 1471 sermo
729 1426 829 1469 est.
913 1418 1111 1468 Eodem
1152 1419 1383 1481 pertinet

310 1512 490 1548 versus
515 1498 698 1562 optimi
718 1495 943 1546 auctoris
967 1495 1141 1559 prisci,
1156 1495 1252 1545 Cn.
1268 1495 1381 1544 Ma·

298 1573 403 1624 iii:
458 1575 476 1602 ‘
502 1573 960 1637 Columbatimqne
1016 1570 1166 1621 labra
1206 1585 1380 1621 conse·

313 1664 430 1700 rens
452 1647 646 1700 labris!
715 1650 856 1698 Hinc
897 1654 1070 1698 autem
1108 1647 1381 1711 columbari,

313 1740 405 1789 pro
436 1727 631 1775 labella
665 1725 1014 1776 columbarum
1036 1738 1180 1774 more
1201 1737 1378 1775 conse-

300 1815 453 1851 τετε.
485 1804 635 1852 Idem.

375 1882 442 1928 22
472 1878 681 1940 Linguis
701 1878 886 1927 assidue
906 1877 1112 1942 reddite]
1162 1878 1393 1943 Linguae'

314 1967 417 2004 non
438 1956 623 2005 otiosae
648 1956 701 2004 in
722 1955 800 2004 his
824 1953 1036 2005 Amoris
1057 1955 1379 2005 colluctatio·

312 2031 479 2082 nibus.
500 2031 665 2081 Mem.

376 2106 585 2169 Linguis
607 2108 795 2157 assidue
814 2107 997 2157 reddite
1015 2107 1216 2171 mais]
1249 2107 1383 2156 Assi-

311 2186 403 2232 dao
441 2185 627 2248 scripti
669 2184 921 2249 plerique.
965 2183 1139 2233 malim
1173 2183 1381 2233 assidui.-

312 2266 375 2310 ut
412 2275 489 2310 lv,
510 2261 666 2312 Cons.
691 2260 832 2311 Hon.
874 2262 890 2289 ⁴
917 2261 996 2309 Sis
1034 2275 1223 2324 precor
1259 2261 1384 2310 assi-

306 2336 444 2387 ·duus
467 2338 660 2386 Consul
679 2337 712 2386 :'
749 2344 906 2402 atque
945 2338 1020 2386 ita
1054 2337 1248 2399 primus
1282 2338 1383 2385 Va·

314 2412 475 2462 tican.
517 2420 573 2462 et
618 2414 829 2462 Fames.
879 2412 959 2462 Cl.
999 2411 1292 2464 Gronovius
1331 2413 1383 2460 in

306 2489 808 2552 Observationibus,
864 2492 880 2518 ‘
906 2490 1120 2540 assiduis
1179 2489 1384 2540 reddite

308 2562 532 2625 ‘mutuis’
578 2568 836 2633 quomodo
875 2583 939 2616 ex
979 2570 1167 2616 nostris
1206 2567 1384 2619 Junia-

313 2657 451 2692 nus:
478 2642 707 2708 quinque
743 2643 850 2707 alii,
884 2645 900 2671 ‘
926 2644 1147 2693 assiduis
1166 2630 1385 2693 seddite

315 2719 549 2782 mutuis,'
594 2721 828 2784 proxime
870 2720 1229 2783 conjecturam
1273 2734 1387 2769 nos-

315 2803 477 2846 tram:
515 2811 610 2861 pro
647 2797 824 2846 mutuis
862 2803 1065 2860 septem
1088 2797 1244 2846 etiam
1266 2790 1386 2846 aaa·

315 2873 427 2921 ciis.-
462 2887 566 2922 non
588 2874 738 2922 male.
803 2874 1063 2937 Sequenti
1096 2886 1250 2921 versu
1285 2874 1388 2922 ani-

317 2965 443 2998 mam
470 2965 567 3013 pro
601 2950 809 2999 animum
841 2956 985 2999 recte
1014 2949 1150 2998 idem
1187 2950 1389 3000 Grono-

316 3026 465 3075 vius:
502 3025 622 3075 vide
644 3033 795 3074 notas
829 3026 896 3075 ad
930 3027 1156 3090 Epithal.
1181 3027 1388 3077 Pallad.

320 3117 394 3153 vs.
421 3105 536 3151 132.
569 3101 639 3150 D.
655 3102 828 3152 Heius.

320 3204 327 3209 ·
381 3183 449 3229 23
481 3179 712 3229 Animus
731 3178 1113 3242 conciliantibus]
1161 3180 1388 3244 Epithal.

322 3255 577 3306 Palladiiz
631 3257 648 3285 ‘
673 3255 870 3306 Oscula
912 3257 1053 3306 mille
1088 3263 1290 3318 sonent,
1330 3258 1390 3307 li-

323 3338 538 3383 vescant
572 3333 793 3382 ‚brachia
829 3348 987 3396 nexu,
1018 3335 1187 3383 Labra
1225 3335 1391 3399 ligent

326 3413 569 3465 animos.'-
617 3414 738 3463 Tria
775 3412 827 3460 in
867 3427 955 3461 ore
978 3414 1231 3462 amatorio
1255 3427 1390 3462 com-

328 3490 655 3615 igemzantur,
708 3487 934 3551 ἀναπνοὴ,
987 3487 1137 3551 φωνὴ,
1187 3487 1391 3552 φίλ·νιμ.ιιι.1

379 3572 455 3615 Μ
489 3601 504 3617 .

293 3688 297 3693 .
390 3646 454 3690 27
507 3643 651 3691 Alter
686 3642 935 3705 virgineus
972 3641 1195 3691 nobilitet
1234 3641 1393 3705 cruor]

332 3718 467 3769 Cave
504 3732 625 3769 cnm
665 3719 774 3769 viro
798 3719 976 3769 ‘docto
1015 3720 1112 3769 alte
1150 3733 1391 3783 reponas.

1449 572 1735 636 vulgatum
1759 573 1904 620 recte
1924 571 2103 619 tuetur
2136 565 2391 616 Bartbius.
2440 565 2513 615 D.

1453 650 1629 699 Heius.

1515 726 1659 777 Alter
1697 721 1964 787 virgineus]
2018 722 2211 770 Lanam
2248 715 2517 768 nobilitari

1454 817 1701 867 pnrpurae
1720 802 1948 851 tinctura
1967 789 2110 849 cla'ra
2125 809 2210 845 res
2232 799 2314 845 est
2336 807 2405 843 ex
2422 792 2518 842 im-

1453 879 1595 928 mani
1648 877 1837 943 pretio,
1879 884 1937 926 et
1990 876 2135 938 regia
2190 870 2517 934 omniumque

1455 967 1651 1008 summa
1670 954 1926 1019 dignitate
1941 952 2057 1016 ejus
2078 948 2281 999 coloris.
2316 947 2385 996 Et
2401 945 2517 995 haec

1455 1035 1623 1101 prima
1659 1041 1739 1084 est
1782 1033 2027 1082 nobilitas
2069 1030 2179 1079 sive
2223 1025 2520 1078 nobilitatio

1455 1118 1637 1163 strate
1660 1112 1711 1160 in
1731 1112 1868 1160 lecto
1893 1109 2033 1171 regio
2052 1119 2317 1170 purpurae.
2378 1101 2526 1176 Alte-

1455 1205 1568 1239 ram
1590 1179 1928 1254 supervenire
1956 1182 2270 1233 Claudianus
2295 1180 2369 1230 ait
2392 1179 2523 1253 tine·-

1456 1265 1670 1328 tionem‚
1689 1263 1755 1313 de
1778 1260 2017 1326 virginali
2042 1258 2291 1321 sangnine
2311 1256 2519 1318 Mariae,

1446 1342 1562 1405 jam
1587 1342 1868 1405 Augustas:
1904 1337 2051 1401 eujus
2075 1341 2334 1385 servatum
2369 1339 2521 1383 tanto

1456 1432 1645 1482 sponso
1666 1416 1847 1467 florem
1887 1413 2156 1477 pudicitiae
2192 1411 2287 1461 hac
2319 1410 2522 1459 ratione

1455 1494 1788 1545 commendat
1822 1491 2008 1542 Poeta.
2072 1492 2169 1539 Est
2201 1494 2374 1537 autem
2408 1485 2523 1538 sau·

1457 1571 1591 1635 guis,
1628 1570 1722 1636 qui·
1749 1569 1969 1634 primum
2007 1566 2243 1631 seqnitur
2283 1561 2523 1614 concubi·

1457 1654 1585 1711 tum,
1608 1648 1766 1698 index
1796 1646 2106 1711 virginitatis
2142 1643 2331 1692 marito
2354 1653 2526 1691 serva·

1456 1732 1546 1787 tae,
1568 1725 1724 1775 etiam
1747 1726 1801 1773 in
1824 1724 1986 1773 sacris
2009 1720 2194 1771 literis.
2228 1718 2407 1769 Barth.

1522 1808 1589 1854 28
1629 1802 1814 1865 Victor]
1846 1803 2008 1852 Velut
2026 1814 2208 1863 magna
2225 1799 2396 1862 aliqua
2416 1797 2525 1845 luc-

1459 1886 1515 1931 ta
1537 1883 1789 1931 eluctata.
1856 1877 2127 1928 Madidum
2152 1883 2321 1926 torum
2346 1873 2415 1925 ob
2447 1888 2527 1923 su-

1457 1953 1636 2007 dorem
1660 1957 1791 2006 dicit
1812 1962 2064 2005 mutuum.
2100 1954 2249 2002 Idem,

1523 2037 1589 2082 29
1623 2032 1859 2081 Nocturni
1891 2032 2086 2079 vulnera
2116 2027 2297 2092 proelii]
2348 2025 2400 2076 A
2439 2025 2526 2076 de-

1457 2109 1706 2160 fendente
1746 2110 1967 2173 primum
2003 2120 2337 2171 congressum
2370 2104 2529 2168 virgi-

1461 2202 1545 2238 ne.
1599 2187 1864 2237 Catullus:
1899 2187 1916 2214 ‘
1938 2184 2128 2234 Dulcia
2150 2190 2419 2233 nocturnae
2443 2195 2525 2231 re·
2578 2178 2586 2186 '

1457 2262 1631 2314 ferens
1666 2264 1888 2327 vestigia
1920 2255 2065 2322 rixae.
2087 2262 2233 2311 ssuae
2263 2259 2333 2308 de
2373 2257 2527 2322 virgi-

1458 2343 1571 2393 neis
1596 2350 1828 2407 gesserat
1852 2341 2082 2392 exuviis!
2114 2340 2264 2389 Idem.
2515 2335 2518 2342 ⁴

1526 2424 1588 2471 31
1618 2420 1774 2470 &narba
1795 2416 2034 2480 licentior]
2066 2417 2127 2466 In
2143 2417 2315 2482 Jocos‚
2339 2414 2525 2481 quibus

1460 2495 1788 2547 Fescennina
1802 2500 2057 2558 constant,
2072 2494 2242 2558 palam
2260 2494 2524 2559 libereque

1463 2571 1672 2624 effusos.
1706 2573 1856 2622 Idem.
2019 2626 2022 2630 ,
2161 2630 2164 2635 μ

1527 2653 1589 2698 38
1607 2649 1782 2697 Ludite
1798 2647 1994 2710 milites]
2015 2648 2092 2697 Ut
2109 2643 2528 2710 praesentefsem.

1460 2742 1556 2791 per
1578 2725 1807 2775 exercitu
1839 2725 2106 2789 loquitnrz
2142 2729 2197 2772 et
2220 2722 2332 2789 quis
2355 2724 2523 2773 nescit

1463 2803 1664 2852 urbana
1686 2808 1860 2851 castra
1883 2800 2228 2863 Principum?
2276 2801 2426 2848 Idem.

1480 2886 1483 2891 “
1527 2884 1591 2929 36
1629 2880 1817 2949 lasoaet
1858 2875 2049 2937 axibus]
2106 2877 2243 2924 Divo
2287 2877 2421 2925 enim
2470 2883 2526 2926 et

1461 2956 1646 3006 Mundi
1667 2955 1904 3017 Principi
1924 2955 2109 3004 coelum
2134 2958 2188 3002 et
2221 2958 2413 3001 terram
2437 2966 2528 3016 ap-

1462 3033 1709 3095 plaudere
1733 3035 1983 3081 autumat.
2033 3029 2173 3077 Illud
2194 3029 2277 3078 hic
2296 3028 2349 3078 in
2369 3028 2528 3078 finem

1461 3109 1640 3158 harum
1696 3107 1950 3168 Odarum,
1993 3118 2293 3154 asseverare
2346 3105 2530 3167 ausim,

1460 3186 1656 3235 nullum
1681 3184 1892 3249 politius
1913 3189 1969 3233 et
1989 3182 2265 3247 gratiosius
2286 3181 2528 3246 Lyricum

1463 3277 1673 3313 carmen
1699 3262 1766 3312 ab
1789 3261 1996 3312 Horatii
2011 3275 2172 3325 usque
2197 3270 2312 3309 aevo·
2331 3259 2397 3308 ad
2414 3273 2529 3308 nos-

1464 3347 1601 3389 trum
1619 3340 1939 3403 pervenisse,
1959 3352 2111 3402 quam
2134 3343 2255 3387 sunt
2275 3336 2387 3386 haec
2406 3336 2531 3385 Fes-

1463 3418 1698 3473 cennina.
1732 3417 1881 3465 Idem.

1474 3524 1479 3529 -
1530 3494 1723 3543 Insonet
1743 3489 1934 3554 axibus]
1970 3489 2158 3538 Intoaet
2180 3502 2311 3538 unns
2335 3487 2542 3539 Medic.'

1465 3568 1864 3634 quatuordecim
1918 3567 2124 3632 scripti,
2176 3564 2384 3615 auribus.
2455 3564 2529 3614 D.

1467 3646 1653 3697 Heius.
