2992 4925
502 382 689 450 ,1626

514 542 902 608 Proserpinam,
922 542 1091 593 disces
1106 556 1173 592 ex
1191 540 1320 591 Isid.
1337 540 1427 591 lib.
1443 552 1570 590 vm.

510 634 631 684 cap.
653 625 731 671 11.
764 626 819 670 et
839 633 905 669 ex
940 634 1094 669 versu
1121 618 1209 668 illo
1245 619 1455 681 vulgato
1477 616 1570 666 sed

510 696 808 761 ingenioso:
863 698 878 724 ‘
916 696 1121 754 Terret,
1178 695 1386 756 lustrat,
1446 693 1573 757 agit,

505 773 850 838 Proserpina,
889 772 1052 834 Luna,
1093 772 1281 834 Diana,
1329 772 1459 836 Ima,
1490 786 1573 822 siv

508 863 714 913 prema,
744 847 903 909 feras,
951 853 1179 911 seeptro,
1226 846 1450 914 fulgore,
1491 861 1571 901 sa-

514 924 681 992 gitta?
722 925 993 989 Πατρέα.

574 1001 776 1052 Attouit
804 999 1011 1063 Eleusis]
1045 998 1237 1049 Eleusin
1260 999 1455 1051 rectius
1486 1015 1573 1051 co·

515 1077 657 1129 diaes
695 1077 944 1128 nonnulli.
978 1076 1045 1127 de
1068 1091 1171 1143 quo
1210 1076 1276 1127 ad
1312 1078 1572 1128 Nasonem

510 1154 767 1226 pluribus.
798 1154 867 1203 D.
881 1153 1055 1204 Heius.

504 1232 519 1273 -‘
580 1235 644 1282 12
664 1231 859 1293 Angues
872 1231 1149 1301 1Ἑήιέώωί
1169 1231 1405 1295 mant]
1428 1232 1574 1284 Quos

510 1308 590 1359 illi
610 1314 880 1358 munerata
900 1313 1017 1357 erat
1040 1308 1219 1358 Ceres.
1248 1307 1423 1357 Bauli.

580 1382 643 1435 l'a
689 1386 904 1450 Attrita]
958 1386 1024 1435 Id
1087 1392 1191 1449 est,
1250 1386 1425 1436 Polita
1479 1400 1572 1436 seu

513 1461 669 1513 levia.

577 1537 824 1602 Lapsaque
834 1538 1019 1602 meno]
1040 1536 1275 1603 Placido,
1289 1538 1572 1590 Clemente.

512 1610 664 1662 Tales
700 1616 837 1666 enim
865 1614 1133 1678 finguntur
1177 1615 1447 1666 Dracones
1482 1615 1572 1681 qni

514 1688 659 1739 Deos
697 1689 910 1740 vehunt.
971 1689 1113 1740 Hine
1147 1689 1343 1741 factum
1383 1699 1443 1741 ut
1475 1707 1573 1757 pro

515 1765 647 1815 eoelo
670 1772 858 1829 pacato
875 1772 932 1816 et
950 1766 1212 1830 elementi,
1243 1767 1466 1818 Serenum
1487 1769 1574 1820 ab·

515 1842 688 1893 solute
706 1842 999 1893 dictitetur.
1031 1843 1210 1894 Barth.

581 1924 646 1970 14
693 1919 892 1983 Roseus]
940 1918 990 1970 A
1033 1921 1206 1970 colore
1245 1926 1303 1971 et
1357 1921 1575 1986 placidi

516 2000 643 2047 tate.
710 1996 864 2046 Rosea
886 2009 1008 2045 vero
1027 1996 1117 2044 lux
1136 1996 1300 2046 omnis
1322 1997 1459 2060 grati
1490 2011 1575 2046 rn-

515 2070 672 2122 boris.

585 2147 793 2211 Crista-s]
824 2147 1020 2199 Poetas
1063 2148 1210 2199 aiunt
1265 2149 1451 2199 oristas
1507 2147 1573 2198 de

517 2240 611 2276 sua
631 2226 722 2275 illa
750 2226 1017 2276 notissima
1054 2226 1364 2277 liberalitate
1397 2223 1576 2275 affinx-

515 2301 617 2351 isse
647 2301 972 2365 draconibus,
1010 2316 1129 2352 eum
1166 2303 1321 2352 nullae
1365 2302 1427 2351 iis
1467 2301 1576 2351 siut

517 2376 754 2440 probatae
814 2378 1110 2427 testimonio
1179 2378 1337 2429 Jubae
1395 2377 1572 2440 Regis.

582 2533 645 2579 15
691 2528 860 2578 Tertiis
899 2528 1087 2580 Hecate
1137 2529 1325 2579 uariata
1364 2529 1574 2595 figaris]

508 2604 642 2654 Tria
662 2606 801 2655 euim
820 2606 1028 2655 numina
1062 2606 1159 2655 hoe
1197 2608 1304 2656 solo
1341 2619 1574 2670 compre-

512 2680 830 2743 henduntur,
851 2681 990 2746 quod
1014 2683 1280 2746 eleganter
1311 2682 1576 2732 enarravit

517 2758 854 2819 Prudentius,
890 2759 980 2809 lib.
1015 2762 1062 2810 l.
1099 2758 1152 2807 in
1184 2759 1375 2821 Syrum.
1424 2757 1574 2807 ‘-De

515 2833 671 2900 nique
694 2848 811 2883 cum
830 2836 976 2885 Luna
1007 2842 1108 2897 est,
1139 2835 1385 2885 sublustri
1405 2836 1575 2898 splen·

510 2910 609 2960 det
629 2911 850 2961 amictu:
887 2913 1017 2962 Cum
1041 2910 1306 2961 succincta
1319 2911 1458 2975 jacit
1488 2926 1572 2961 ca·

516 2985 706 3051 lamus,
730 2987 950 3037 Latonia
981 2987 1128 3051 virgo
1155 2992 1265 3037 est:
1301 2986 1433 3036 Cum
1455 2986 1575 3036 sub·

517 3064 642 3113 nixa
685 3064 835 3115 sedet
876 3065 1022 3126 solio,
1069 3065 1313 3115 Plutonia
1343 3064 1572 3129 conjux!

517 3139 702 3204 Virgil-

516 3211 670 3265 Idem.

588 3289 756 3340 Tertiis
786 3290 972 3340 Hecate
1003 3285 1193 3341 variata
1226 3290 1433 3356 figuris]
1472 3292 1576 3343 Pe·

520 3366 752 3417 tavianus
783 3381 911 3416 unus
944 3374 1000 3417 et
1034 3368 1236 3416 Bonon.
1264 3372 1425 3417 temus
1439 3368 1575 3433 figis

515 3459 615 3509 ras,
652 3445 882 3508 eleganti
905 3443 1224 3493 Graeeismo:
1258 3444 1577 3494 Prudentius

518 3528 704 3573 contra
722 3522 918 3586 Syrum.
969 3521 984 3550 ‘
1020 3529 1207 3586 terque
1239 3535 1356 3570 suas
1390 3520 1577 3571 eadem

760 3142 775 3169 ‘
824 3142 926 3190 tria
968 3138 1180 3204 virginis
1223 3155 1314 3193 ora
1357 3141 1576 3192 Diunae.’

518 3598 718 3649 variare
749 3597 940 3661 figuras
975 3598 1259 3648 Creditur?
1303 3598 1461 3648 Statii
1484 3599 1578 3648 illa

517 3675 749 3739 respexit
767 3680 960 3733 noster,
980 3675 1231 3724 Thebaid.
1249 3687 1309 3725 x.
1333 3667 1349 3703 ²
1367 3689 1574 3725 arcanae

514 3750 833 3800 moderatrix
855 3751 1081 3814 Cynthia
1096 3754 1282 3816 noctis,
1316 3751 1372 3802 Si
1393 3760 1446 3803 te
1471 3759 1575 3803 ter·

517 3825 733 3890 geminis
798 3827 1075 3888 perhibent
1132 3828 1335 3879 variare
1392 3828 1574 3893 figuris

515 3901 761 3955 Nune-12
793 3902 860 3951 D.
886 3901 1058 3953 Heius.

581 3981 645 4027 16
688 3977 946 4040 Exoritur]
978 3979 1206 4029 Subitam
1246 3982 1576 4044 praesentiant

516 4053 733 4108 indicat.

584 4130 997 4194 Leaisquesimal]
1028 4130 1145 4180 Hoc
1175 4132 1276 4190 est,
1314 4133 1575 4200 Clemens,

517 4205 723 4257 favens.
775 4206 908 4256 Alii
949 4205 1069 4257 libri
1105 4208 1297 4258 babent
1334 4212 1577 4283 letusque,

516 4284 657 4352 quod
678 4282 840 4336 faeiat
857 4284 1028 4337 laetos.
1062 4284 1203 4339 Hinc
1217 4286 1454 4341 Bacchus
1484 4275 1576 4341 lae·

798 397 1017 448 No‘rAE
1062 395 1596 446 varunnam‘m
1641 394 1759 445 ct..
1806 395 2083 446 chaun.
2129 393 2434 444 xxxin.

1644 552 1775 587 nens
1793 537 1981 601 dietus,
2018 536 2156 602 quod
2177 542 2404 587 mentem
2419 535 2586 586 leniat
2617 534 2704 602 (ut

1641 617 1756 665 vult
1771 614 2004 677 Donat).
2041 614 2148 664 Alii
2168 613 2707 664 voluntLoaaeosBae·

1645 691 1731 741 obi
1751 691 1900 743 ludos
1920 705 2055 751 esse,
2067 692 2161 756 qui
2186 690 2381 740 circum
2406 688 2703 750 torenhria,

1646 781 1764 833 quoe
1786 765 1957 826 ληνοὺς
1974 766 2148 816 Gra-,ei
2166 771 2374 827 vocant,
2394 763 2705 814 exhibeban-

1645 852 1747 895 tur.
1810 845 1916 894 Sed
1950 851 2006 895 et
2044 845 2164 894 lenis
2190 844 2277 894 hie
2311 842 2536 906 intelligi
2572 842 2706 892 Bae·

1645 922 1774 975 chus
1796 929 1989 987 potest,
2025 921 2263 985 quoniam
2303 918 2527 984 placide,
2557 932 2656 968 nee
2673 931 2708 967 a

1645 999 1943 1063 lymphatis,
1974 1006 2036 1048 ut
2059 997 2203 1061 alibi,
2237 1010 2330 1061 per
2355 995 2602 1045 insaniam
2619 1008 2718 1052 eo»,

1643 1079 1865 1128 lebatur.
1899 1077 2131 1127 Pari-lias.
2145 1106 2156 1117 ι

1708 1154 1943 1218 Lenisqioe
1960 1153 2104 1203 simul
2125 1152 2343 1217 procedit
2368 1150 2588 1214 laedas]
2617 1149 2706 1200 Sic

1643 1232 1794 1281 multi
1838 1232 2074 1294 codiees;
2130 1230 2220 1279 alii
2272 1231 2513 1291 musque,
2567 1225 2708 1292 quod

1643 1309 1888 1359 Barthius
1907 1307 2323 1373 amplectebatur
2355 1305 2498 1357 curis
2530 1316 2711 1355 seeun-

1645 1386 1752 1436 dis:
1780 1386 1872 1436 sed
1892 1385 1966 1435 nil
1979 1399 2208 1435 necesse.
2240 1382 2517 1443 Ausonius,
2539 1380 2708 1444 Epist.

1645 1466 1729 1512 13.
1762 1462 1779 1491 ‘
1798 1461 2060 1511 Sollicitat
2094 1461 2264 1511 lenem
2301 1459 2436 1510 comi
2467 1470 2710 1508 sermone

1646 1540 1875 1603 Lyaeum.
1877 1538 1893 1560 ’
1925 1536 2100 1587 Possis
2118 1543 2292 1586 tamen
2303 1544 2365 1587 et
2378 1533 2714 1585 leuislaoehiu

1646 1630 1743 1681 pro
1765 1614 1986 1666 imberbi
2001 1627 2288 1679 reponere,
2313 1611 2574 1679 quomodo
2597 1610 2714 1662 leda

1648 1696 1841 1758 Agyenoe
1878 1691 1946 1742 de
1988 1690 2189 1741 Phoebo
2229 1690 2367 1754 apud
2411 1687 2709 1791 Horatium,

1646 1768 1779 1819 libro
1800 1783 1878 1819 tv·
1912 1768 2018 1819 Od.
2040 1782 2117 1818 vr.
2149 1767 2217 1817 D.
2233 1766 2409 1817 Heius.

1712 1844 1869 1895 Simul
1879 1845 2114 1909 procedit]
2143 1844 2276 1893 Cum
2291 1844 2620 1907 Triptolemo
2639 1841 2712 1891 ni-

1646 1921 1828 1971 mirum
1870 1921 2077 1971 Cereris
2094 1920 2345 1970 ministro.
2394 1920 2494 1968 Vel
2513 1920 2710 1970 Cerere

1647 1998 1761 2062 ipsa
1781 2005 1838 2048 et
1862 1997 2194 2062 Proserpina.
2247 1997 2441 2047 Tribus
2470 1994 2611 2052 enim
2631 1993 2708 2044 his

1646 2075 2000 2135 initiabantur,
2035 2076 2122 2140 qui
2155 2074 2403 2139 mysteria
2438 2070 2712 2134 Eleusiaea

1647 2153 1940 2217 capiebant.
1972 2151 2135 2202 Vides
2151 2150 2376 2201 Iacchum
2392 2149 2578 2198 borum
2593 2158 2711 2195 eon-

1647 2229 1891 2279 tubernio
1926 2229 2100 2294 jungi,
2147 2229 2295 2278 velut
2337 2230 2600 2290 perpetuo
2636 2220 2710 2272 af-

1646 2303 1823 2368 fixum,
1840 2311 1896 2355 et
1919 2305 2127 2355 numine
2143 2303 2391 2353 Divarum
2409 2303 2560 2352 velut
2577 2315 2710 2351 eom·

1649 2381 1970 2446 prehensum.
2020 2381 2091 2430 Et
2114 2380 2228 2446 quis
2251 2385 2334 2429 tot
2353 2379 2594 2428 Deorum
2615 2377 2710 2433 Ce-

1649 2457 1753 2508 reri
1790 2464 1848 2508 et
1877 2457 1991 2522 ejus
2022 2454 2296 2521 propagini
2330 2454 2547 2504 amicior
2582 2451 2707 2517 fingi

1646 2540 1740 2583 aut
1760 2534 1959 2598 gratior
1971 2532 2156 2583 sociari
2172 2532 2334 2596 possit
2347 2530 2560 2594 Libero,
2581 2531 2707 2594 pras-T

1647 2611 1826 2661 sertim
1873 2610 1938 2660 ad
1982 2610 2296 2673 Nuptiarum
2339 2622 2588 2671 pompam
2629 2621 2709 2656 or-

1646 2686 1889 2746 nandam‚
1912 2698 2063 2750 quam
2084 2685 2182 2734 iste
2201 2683 2428 2734 omnium
2446 2681 2707 2733 festivita-

1647 2769 1757 2813 tum
1779 2761 2078 2826 Cboragus?
2291 2789 2295 2795 -

1711 2839 1874 2888 Loetus
1906 2838 2121 2903 procedit
2164 2836 2383 2901 Involuta]
2419 2817 2706 2901 Virgilius:

1648 2916 1666 2945 ‘
1703 2916 1927 2966 Laetitiae
1968 2916 2209 2967 Bacchus
2254 2916 2424 2980 dator,
2478 2921 2534 2964 et
2580 2915 2712 2965 bona

1646 2991 1821 3044 Juuo.'

1713 3068 1962 3132 Procedit]
1993 3068 2236 3119 Pertinet
2255 3068 2323 3118 ad
2344 3081 2587 3133 pompam
2605 3078 2708 3115 me-

1619 3151 1626 3156 ·
1649 3145 1791 3196 diate
1813 3147 1959 3196 velut
1980 3146 2165 3195 euntis.
2204 3144 2384 3195 Barth.

1716 3226 1777 3271 17
1818 3221 2197 3286 crinalifloreas
2214 3217 2412 3284 102de
2445 3218 2590 3284 Apta
2611 3218 2708 3269 eri·

1648 3297 1818 3348 nibus.

1714 3374 1932 3438 Florem]
1943 3373 2197 3424 Ornatus.
2216 3372 2430 3423 Hedera
2439 3379 2614 3423 autem
2628 3386 2706 3423 or-

1649 3456 1944 3501 namentum
1959 3439 2174 3501 Bacchi.
2206 3450 2461 3501 Fortassis
2479 3451 2605 3515 quia
2620 3450 2706 3499 be·

1648 3527 1777 3577 dera
1798 3528 1959 3591 capiti
1980 3527 2222 3591 imposita
2249 3540 2409 3590 genus
2443 3524 2704 3590 quoddam

1648 3604 1936 3668 ebrietatis,
1968 3610 2029 3654 ut
2063 3610 2119 3653 et
2150 3604 2271 3653 vino
2309 3603 2591 3666 permixta,
2629 3601 2705 3650 in-

1648 3680 1809 3742 ducit,
1832 3688 1891 3731 ut
1915 3679 2246 3742 Plutarchus,
2274 3678 2409 3729 libro
2439 3691 2527 3730 ιιι.
2562 3679 2705 3776 εγιιι·Ι

1647 3757 1969 3821 posiaeorum
1992 3761 2232 3806 testatur.

1713 3832 1947 3882 Parthica
1964 3832 2093 3882 velut
2116 3830 2305 3894 Tigris]
2337 3831 2601 3895 Hyrcana
2622 3830 2706 3881 Τί-

1647 3907 1805 3972 gridis
1844 3906 1997 3972 pellis
2018 3906 2363 3957 velamentum
2384 3905 2595 3956 Baccho
2617 3905 2706 3960 da-

1643 3991 1770 4035 tum.

1717 4061 1875 4124 Vetat]
1929 4061 2050 4111 Non
2093 4073 2301 4124 prorsus
2350 4057 2543 4121 operit.
2584 4065 2701 4107 uam

1642 4135 1812 4199 Tigris
1856 4149 1959 4184 una
2000 4134 2152 4199 pellis
2202 4132 2345 4184 obire
2386 4139 2557 4183 totum
2601 4145 2700 4182 non

1648 4218 1845 4277 posset.
1877 4211 2059 4262 Barth.
2143 4207 2148 4211 “
2210 4223 2214 4228 ’

1712 4290 1946 4374 emnem
1968 4289 2153 4355 mvsa]
2181 4289 2339 4353 vnce
2360 4285 2517 4341 ndi·
2546 4284 2702 4342 cmi..
