2992 4925
507 417 693 494 moos
1154 427 1548 486 Rucssnsus
1596 427 2030 478 ammonem

581 582 669 642 tio
712 577 917 649 alteri,
948 574 1185 652 (1665.)
1223 583 1514 654 quantum·
1555 575 1634 636 ad
1690 574 2113 686 emendationis
2158 574 2483 652 ὰιὲρίβειαν,
2531 570 2711 635 etiam

584 676 949 758 praeferenda
980 673 1121 732 mihi
1151 673 1502 733 videbatur.'

504 775 859 835 -Amsteh
899 793 970 833 ex
1015 770 1249 832 emend.
1280 771 1385 831 vir.
1414 771 1579 831 doct.
1611 781 1713 833 24.
1785 772 1856 832 In
1885 771 2310 832 Schwarzianae
2340 771 2488 831 bibl'.
2519 767 2717 831 catal.

585 874 656 933 P.
688 889 736 932 1.
767 892 823 931 n.
856 879 1034 941 2349.
1063 876 1453 940 memoratur;
1501 887 1636 947 quae
1667 869 2161 949 Rapbeleugianae
2183 870 2457 950 repetitio
2486 868 2717 930 videtur

585 969 792 1030 formae
820 967 1076 1028 minoris.

514 1065 667 1130 1653
698 1065 944 1125 Mediol.
994 1062 1089 1124 16.
1137 1062 1492 1144 optimorum
1530 1062 1805 1123 codicum
1855 1062 1975 1125 fide
2017 1066 2302 1136 restituta,
2331 1084 2430 1145 ap.
2456 1065 2560 1125 Jo.
2587 1067 2720 1128 Pet.

588 1164 872 1226 Cardum.

514 1261 670 1333 1659
699 1261 948 1321 Amstel.
983 1268 1038 1320 8.
1069 1278 1125 1319 e.
1146 1279 1215 1319 ιι.
1246 1280 1365 1320 var.
1397 1279 1523 1338 per.
1551 1259 1623 1318 C.
1653 1257 2074 1332 Schrevelium‚
2105 1278 2201 1338 ap.
2231 1260 2434 1322 Elzev‘.

514 1359 668 1430 1665
698 1358 944 1418 Amstel.
977 1367 1033 1418 8.
1057 1377 1112 1416 c.
1141 1377 1201 1417 n.
1229 1358 1520 1418 variorum
1548 1367 1866 1417 accurante
1883 1358 2059 1420 Corn.
2083 1359 2445 1430 Schrevelio‚
2468 1377 2544 1417 ex
2563 1357 2725 1418 offic.

588 1457 842 1517 Elzevir.
926 1455 1102 1514 Nova
1147 1452 1435 1514 doetrinae
1480 1474 1603 1514 suae
1651 1454 2028 1526 incrementa,
2066 1465 2150 1516 et.
2175 1456 2394 1516 decem*
2431 1463 2725 1516 novorum

592 1553 869 1615 codicum
917 1549 1174 1634 subsidia
1220 1571 1355 1611 cum
1403 1550 1682 1612 Heinsius
1733 1551 2339 1632 attulerit,'quantum
2369 1573 2440 1614 ea
2469 1573 2562 1614 res
2590 1573 2729 1633 pro-

591 1650 765 1711 fuerit
793 1648 1147 1721 Claudiano,
1180 1648 1352 1709 facile
1378 1658 1467 1709 est
1509 1648 1586 1709 ad
1630 1649 2089 1726 intelligendum.
2159 1650 2408 1712 videt‘ur
2437 1651 2556 1711 non
2586 1651 2725 1712 satis

588 1746 1070 1808 feeisseHeinsio
1096 1745 1401 1824 diligentia
1430 1746 1583 1824 ejus,
1612 1746 1713 1825 qui
1742 1747 1900 1825 typis
1928 1747 2194 1826 praefuit,
2214 1750 2336 1810 sive
2357 1750 2405 1809 is
2436 1749 2730 1810 Schreve-

593 1844 705 1905 lius
733 1844 865 1915 fuit,
913 1843 1016 1921 qui
1067 1843 1395 1915 Variorum,
1440 1842 1676 1903 Barthii·
1712 1843 2019 1924 praecipue
2068 1855 2237 1906 notas
2283 1847 2560 1918 attexuit,
2603 1844 2728 1906 si've

593 1945 760 2004 alius.
831 1942 1048 2003 Scribit
1071 1942 1224 2002 enim
1254 1942 1330 2002 ad
1360 1941 1733 2002 Gronovium
1780 1942 1896 2003 To.
1941 1950 1999 2003 3.
2043 1942 2306 2022 Sylloges
2355 1947 2556 2004 Burm.
2589 1949 2738 2025 pag:

597 2049 735 2102 514.
782 2048 799 2075 ‘
832 2040 1059 2100 Invitus
1089 2040 1491 2119 deprehendo,
1524 2041 1760 2127 mendas
1791 2040 2132 2122 complures
2160 2041 2299 2101 huie
2342 2042 2506 2120 operi
2550 2041 2732 2122 irrep·

597 2140 779 2200 sisse!
817 2139 993 2200 Circa
1018 2138 1499 2218 orthographiam
1523 2140 1695 2198 etiam
1725 2138 2076 2217 saepiuscule
2099 2137 2422 2197 discessum
2453 2139 2534 2198 ab
2552 2139 2733 2199 Hein-

595 2238 751 2298 siana
781 2240 1010 2298 ratione
1032 2234 1215 2295 cuivis
1241 2235 1437 2295 videre
1463 2235 1862 2297 licet—Ham
1891 2235 2034 2295 edit.
2062 2254 2096 2293 a
2124 2236 2280 2293 notis
2307 2244 2572 2312 praestat,
2595 2255 2729 2313 quae

596 2336 779 2395 altera
805 2332 924 2392 fere
953 2340 1118 2410 parte
1145 2332 1439 2392 auctiores
1467 2342 1624 2392 sunt.
1710 2332 2056 2393 Observavit
2084 2340 2280 2392 tamen
2309 2334 2639 2405 GesneruS,
2670 2334 2729 2394 in

594 2430 758 2492 libris
786 2429 862 2490 de
891 2430 1091 2510 Raptu
1121 2429 1288 2490 Pros.
1318 2430 1604 2492 remisisse
1632 2430 1996 2511 aliquantum
2028 2430 2259 2502 summi,
2296 2429 2440 2492 dum
2485 2430 2736 2504 viveret,

597 2529 704 2588 viri
732 2527 1114 2606 diligentiam.

524 2624 676 2688 1668
708 2625 1118 2687 Schreveliana
1152 2642 1259 2686 111.
1290 2625 1538 2685 Amstel.
1567 2635 1623 2687 8.
1654 2646 1706 2686 c.
1737 2646 1797 2686 ιι.
1827 2626 2056 2687 Verior.

524 2723 676 2793 1675
708 2723 943 2801 Lipsiae.
977 2733 1032 2786 8.
1062 2722 1427 2802 Panegyris
1412 2723 1731 2785 intertium
1754 2714 2146 2785 Consulatum
2177 2724 2428 2784 Honorii
2449 2725 2728 2804 Augusti,

598 2842 652 2881 c.
680 2840 740 2881 ιι.
772 2820 1010 2881 Vorstii.
1358 2834 1365 2843 ³

524 2917 677 2988 1677
707 2917 890 2977 Paris.
922 2925 981 2976 4.
1013 2917 1105 2976 Cl.
1138 2915 1449 2977 Claudiani
1489 2936 1692 2995 opera,
1745 2937 1881 2995 quae
1908 2928 2130 2992 extant,
2160 2918 2649 2999 interpretatione
2677 2924 2732 2975 et

597 3113 789 3189 Regis,
821 3113 878 3170 in
909 3112 1077 3171 usum
1106 3111 1307 3171 Seren.
1338 3111 1640 3189 Delphini.
1672 3113 1927 3173 Parisiis.
1948 3114 2108 3174 Frid.
2136 3113 2427 3199 Leonard.

519 3242 600 3254 --
630 3209 873 3268 Amstel.
909 3219 1003 3270 12.
1032 3229 1101 3268 ex
1131 3208 1536 3270 emendatione
1567 3209 1700 3270 Nic.
1732 3210 1980 3284 Heinsii,
2006 3231 2104 3291 ap.
2138 3213 2294 3272 Dan.
2316 3210 2580 3294 Elzevir.

527 3303 680 3375 1678
706 3304 972 3366 Francof.
1006 3315 1061 3366 8.

392 3462 409 3471 -
524 3403 682 3467 1684
710 3403 957 3464 Mediol.
986 3404 1086 3464 fol.
1131 3403 1196 3462 Iu
1217 3403 1308 3464 Cl.
1337 3404 1648 3465 Claudiani
1676 3405 1856 3466 libros
1885 3406 1961 3466 de
1990 3416 2161 3495 raptu
2186 3405 2560 3485 Proserpinae
2581 3424 2730 3483 com·

544 3506 549 3512 ’
601 3502 883 3564 mentm-ia
910 3503 1047 3562 Nic.
1079 3501 1253 3572 ssiffii‚
1284 3500 1490 3562 addita
1520 3512 1718 3564 textus
1748 3505 1806 3563 in
1837 3506 2078 3566 Italicos
2105 3524 2316 3565 versus
2332 3505 2726 3574 mnslatioue,

604 3623 676 3661 ex
706 3612 943 3681 typogr.
967 3601 1119 3662 Lud.
1154 3599 1424 3661 Montiae.

527 3696 679 3758 1688
714 3698 957 3757 Amstel.
992 3707 1089 3758 12.
1119 3718 1191 3756 ex
1220 3696 1907 3759 emendationefleinsii.
2649 3768 2656 3773 ,

528 3791 677 3865 1691
715 3796 988 3853 Lubecae.
1022 3804 1075 3856 8.
1111 3792 1375 3864 Claverii,
1419 3794 1758 3871 Dempsteri
1781 3805 1844 3856 et
1872 3797 2098 3858 Barthii
2128 3798 2385 3877 scriptis,
2416 3796 2724 3867 maximam

605 3892 745 3949 v'ero
776 3904 1000 3970 partem
1032 3892 1183 3950 notis
1212 3892 1364 3950 Dan.
1395 3892 1756 3964 Hartnaccii,
1778 3894 2090 3955 illustrata.

528 3997 677 4057 1701
714 3988 993 4047 Lubecae.
1032 4000 1123 4050 12.
1153 4008 1251 4067 ap.
1280 3992 1376 4050 J0.
1406 3990 1935 4072 Wiedemeyerum.
1991 3993 2297 4072 Repetitio
2326 3990 2725 4070 praecedentis.

529 4092 683 4157 1705
721 4087 872 4145 Diss.
902 4086 1095 4149 Acad.
1143 4086 1218 4145 ad
1261 4088 1479 4165 Paneg.
1509 4089 1866 4150 Claudiani
1850 4111 1908 4149 m
1941 4108 2038 4151 1v.
2067 4089 2312 4150 Honorii
2354 4089 2541 4149 Cous.
2594 4105 2727 4166 prae·

603 4180 729 4289 side
756 4182 851 4243 J0.
881 4183 1060 4265 Casp.
1092 4182 1357 4258 Khunio,
1386 4182 1522 4245 hist.
1549 4194 1609 4246 et
1634 4186 1791 4266 eloq.
1837 4189 1909 4248 P.
1948 4189 2014 4247 P.
2047 4207 2203 4268 resp.
2237 4189 2336 4247 J0.
2385 4185 2598 4258 Strinz,
2622 4188 2724 4259 Ar·
