2992 4925
543 383 717 454 1428

540 550 703 609 atque
741 541 1101 606 compositum,
1134 546 1403 590 astrorum·
1422 553 1606 592 cursus

540 622 821 686 intelligit3
855 626 1035 671 vatum
1054 621 1369 683 optimorum
1392 634 1606 669 consen·

543 714 655 748 sum
679 698 928 747 imitatus.
963 696 1228 756 Manilius,
1250 695 1341 746 lib.
1364 709 1429 745 ιι.
1460 695 1605 758 ‘Sig-

538 785 824 837 norumque
846 772 1047 834 choros,
1079 772 1330 821 etmuudi
1367 770 1605 822 flammea

542 846 723 899 tecta?
792 848 978 898 Chorus
999 848 1132 897 enim
1152 849 1492 911 compositum
1517 862 1606 910 ag·

537 937 679 984 men,
712 922 1003 987 scitumque
1025 937 1176 972 omne
1214 924 1451 986 denotat,
1484 938 1601 973 cum

537 1001 669 1050 nihil
711 1001 888 1050 laetum
934 997 1047 1049 fere
1070 999 1373 1050 -haberetur
1417 1001 1603 1064 priscis

542 1075 767 1127 Graecioe
814 1075 1016 1125 vatibus
1043 1077 1151 1125 sine
1189 1076 1408 1138 choreis,
1441 1077 1606 1125 chori·

539 1161 641 1215 que
673 1150 906 1201 omnibus
926 1150 1187 1213 adessent,
1203 1151 1380 1214 sacris,
1398 1150 1604 1215 fabulis,

536 1228 693 1291 ludis,
713 1228 979 1279 conviviis.
1003 1230 1098 1278 Est
1119 1230 1254 1278 cuim
1274 1230 1461 1279 chorus
1488 1244 1604 1293 pro·

537 1304 708 1369 prium
747 1305 1134 1355 concinentium
1165 1305 1446 1369 hominum,
1470 1306 1603 1355 etin

534 1394 778 1432 coronam
800 1381 1042 1430 orbemve
1073 1381 1368 1432 coeuntium
1400 1396 1601 1444 agmen.

603 1457 929 1522 Inpleritque]
983 1457 1236 1521 Impulerit
1267 1457 1371 1507 alii.
1428 1459 1602 1522 Imple-

537 1536 627 1598 rit,
646 1535 751 1586 suis
772 1533 1077 1598 confecerit,
1092 1534 1394 1599 absolverit,
1423 1549 1603 1586 nume·

537 1612 627 1661 ris.
661 1611 841 1661 Barth.

603 1685 943 1749 Impuleritque
963 1687 1147 1750 choros]
1181 1686 1302 1738 Hoc
1325 1692 1426 1751 est,
1450 1689 1603 1738 caelo·

536 1777 652 1812 rum
672 1776 740 1812 ex
762 1769 909 1812 motu
947 1770 1278 1826 concentum,
1312 1764 1379 1814 de
1403 1779 1505 1830 quo
1528 1765 1601 1815 A·

534 1836 835 1902 pollinarisz
886 1838 903 1865 ⁴
921 1838 1137 1888 solidum
1176 1840 1419 1904 princeps
1460 1838 1603 1904 qnod

535 1912 742 1963 Musica
771 1913 1016 1962 muudum
1042 1915 1342 1978 Temperet,
1362 1921 1419 1966 et
1441 1915 1603 1965 certis

534 1995 845 2044 concentum
867 1988 1056 2039 reddat
1091 1991 1156 2039 ab
1180 1990 1372 2041 astris.'
1417 1992 1600 2041 Delu-io.

603 2066 708 2121 Quo
730 2066 862 2115 vivat
893 2066 1112 2116 machina
1141 2067 1296 2130 ιιιοέιι]
1352 2068 1480 2120 Quis
1512 2068 1601 2116 ille

533 2141 603 2191 sit
638 2142 870 2205 spiritus,
888 2143 978 2207 qui
1010 2142 1253 2198 muudum
1271 2158 1470 2192 ornnem
1492 2158 1599 2192 mo·

534 2224 678 2280 veat,
699 2225 753 2268 et
776 2219 916 2268 intus
956 2226 1097 2283 agat.
1165 2222 1349 2273 Multis
1369 2222 1435 2271 de
1458 2222 1558 2272 hoc
1581 2239 1598 2284 ς

532 2292 657 2342 Deo
685 2306 876 2354 nempe
923 2293 1060 2357 ipso,
1101 2296 1323 2345 'l'imaeus
1381 2297 1597 2360 Locrus,

536 2365 750 2416 Ocellus
774 2368 1032 2431 hncanus,
1062 2368 1390 2434 Aristotelea,
1427 2373 1598 2424 Plato.

534 2442 689 2492 Motu
710 2448 885 2494 autem
923 2444 1054 2494 vivit
1088 2446 1343 2510 machina,
1369 2447 1596 2514 alioquin

533 2519 845 2570 subsessura.
910 2520 1172 2580 Manilius,
1192 2523 1281 2573 lib.
1304 2536 1367 2574 11.
1400 2525 1416 2553 ‘
1436 2526 1597 2576 Nam·

532 2609 639 2659 que
654 2608 836 2645 canam
861 2595 1020 2646 tacita
1056 2596 1274 2648 Naturae
1305 2607 1478 2650 mente
1508 2617 1598 2666 po·

532 2677 733 2722 tentem
767 2669 1108 2736 Infusumqne
1131 2673 1302 2722 Deum
1322 2675 1472 2739 conlo,
1491 2684 1596 2727 ter-

532 2747 726 2811 risque,
775 2746 1037 2812 fretoque,
1091 2749 1364 2812 Ingentem
1408 2753 1596 2817 aequali

535 2825 896 2875 moderantem
956 2824 1155 2876 foedere
1219 2828 1440 2892 molem,'
1495 2834 1594 2881 διο.

532 2901 712 2953 Bau-112.

596 2982 691 3028 103
725 2977 901 3029 Sidera
970 2978 1078 3043 cur]
1142 2979 1393 3032 Planetss
1442 2981 1593 3032 dicit.

598 3133 692 3179 106
726 3131 808 3180 Aa
845 3132 1049 3192 gemina
1098 3139 1371 3184 cenoman
1412 3136 1595 3187 «ethera

530 3204 729 3268 mentes]
779 3206 1064 3256 Contrarias
1109 3208 1308 3259 scilicet
1356 3209 1492 3270 duae,
1534 3217 1594 3260 ut

529 3280 703 3330 omnia
724 3282 824 3331 alia
843 3282 1126 3333 secundum
1149 3284 1294 3335 litem
1316 3285 1462 3337 finnt.

595 3357 812 3420 Mentes]
845 3359 955 3408 Dii.
991 3360 1158 3410 Deum
1202 3363 1340 3411 enim
1372 3364 1592 3413 animam

528 3438 860 3498 mentemque
883 3434 1131 3484 machinae
1171 3437 1323 3501 hujus
1367 3439 1592 3489 universi

526 3511 715 3561 statuit
733 3512 899 3561 omnis
937 3527 1062 3561 vere
1080 3514 1394 3577 sapientium
1418 3516 1593 3566 Philo-

528 3589 806 3651 sophorum
825 3589 1024 3640 Schola.
1057 3590 1329 3654 Virgiliusz
1365 3593 1382 3622 ‘
1407 3601 1592 3645 totam·

530 3676 631 3725 que
651 3662 823 3714 infusa
846 3680 940 3726 per
960 3677 1106 3716 artus
1129 3668 1281 3718 Mens
1304 3669 1469 3733 agitat
1486 3685 1593 3721 mo-

528 3736 666 3787 lem!
701 3739 880 3790 Barth.

595 3818 691 3863 106
739 3815 876 3864 Sitne
942 3820 1067 3869 color
1129 3824 1350 3886 proprias
1412 3826 1593 3890 renen]

526 3888 723 3952 Magna
738 3890 1050 3955 disceptatio
1083 3896 1222 3947 inter
1228 3899 1593 3965 Philosophos,

524 3965 652 4015 unior
674 3965 765 4027 qui
788 3966 951 4016 visum
972 3969 1133 4034 subit,
1158 3972 1294 4023 sitne
1337 3977 1391 4024 in
1419 3976 1592 4039 rebus,

524 4054 591 4091 au
636 4041 764 4091 lucis
803 4046 1020 4106 appulsu
1060 4055 1357 4111 generetur,
1397 4052 1589 4140 ipsisve

526 4116 790 4166 oculorum
816 4119 970 4169 radiis
994 4121 1204 4187 confiat,
1235 4125 1387 4191 inque
1409 4128 1470 4177 iis
1490 4127 1590 4177 dif-

526 4188 798 4243 ferentiam
820 4208 960 4247 suam
993 4193 1171 4249 faciat.
1236 4199 1371 4253 Vide
1390 4203 1589 4255 Stobaei

529 4265 862 4321 Goliectanea
881 4269 1128 4339 Physica,
1150 4288 1269 4341 cap.
1295 4280 1375 4329 19.

864 399 1085 449 NOTAE
1131 398 1537 448 VARIORUM
1585 397 1668 448 m
1716 397 1833 447 GL.
1879 396 2158 447 chaun.
2205 396 2405 447 xvn.

1690 567 1700 573 ·
1739 539 1972 604 Lucioque
1990 537 2200 602 rep-ln]
2231 538 2401 601 Lege:
2454 533 2596 590 Sitne
2614 537 2735 592 σοῖσι·

1674 616 1895 679 proprius
1914 630 2088 678 rerunt,
2101 614 2271 665 lucisve
2291 613 2514 677 refulsus.-
2578 612 2738 677 Ipsis·

1679 692 1808 742 sima
1844 692 2083 742 veritate.
2159 690 2446 740 Haereatne
2484 689 2540 739 in
2582 689 2736 739 rebus

1677 770 1835 832 color,
1874 783 1941 820 an
1985 767 2305 831 repulsiones
2356 766 2486 815 lucis
2525 764 2748 816 eludant.

1678 844 1841 893 aciem
1863 844 2150 906 oculorum,
2171 840 2475 906 fingantque
2512 842 2735 892 colores.

1678 919 1855 969 Barth.

1738 996 1969 1062 Lucique
2009 995 2222 1060 repulsa]
2255 993 2500 1044 Meliores
2540 992 2750 1048 luciae..

1676 1076 1828 1126 iidem
1871 1077 2025 1141 paulo
2060 1081 2182 1124 ante
2217 1073 2443 1124 variisne.
2472 1073 2735 1136 quomodo

1678 1152 1921 1201 Barthius
1966 1151 2296 1216 conjecerat:
2352 1148 2450 1198 hoc
2495 1149 2610 1200 ioco
2646 1150 2742 1200 ine

1675 1227 1822 1277 malit
1854 1227 2027 1277 lucisve
2060 1227 2271 1290 repulus
2306 1225 2520 1275 Eludant
2553 1227 2708 1278 aciens
2727 1245 2746 1277 ε

1676 1318 1829 1368 quam
1869 1303 2206 1353 mutationem
2251 1302 2458 1352 minime
2500 1316 2742 1356 necess·-

1675 1379 1801 1430 riam
1819 1380 1973 1430 duco.
2010 1380 2085 1429 D.
2109 1380 2283 1431 Heius.

1741 1460 1836 1505 107
1868 1455 2008 1506 Lanu
2043 1456 2279 1506 Recursits
2307 1456 2492 1508 murier
2534 1454 2737 1519 onem]

1674 1531 1874 1582 AEstum
1891 1533 2000 1582 sive
2033 1532 2497 1595 reciprocationem
2530 1532 2736 1584 Oceani

1675 1606 1825 1669 dicit,
1859 1607 2146 1672 ignorabile
2171 1614 2469 1671 portentum
2502 1609 2740 1672 Natura,

1674 1684 1844 1732 causis
1882 1697 2089 1747 semper
2123 1684 2367 1745 istituris,
2408 1683 2475 1734 ad
2511 1683 2738 1734 Lunaria

1676 1765 1850 1809 tamen
1884 1758 2226 1822 incrementa,
2247 1760 2504 1825 horasque
2525 1760 2636 1824 ejus
2670 1759 2736 1810 si·

1677 1834 1815 1884 deris
1836 1833 1969 1898 fieri,
1989 1850 2072 1884 res
2095 1834 2430 1885 demonstrat.

1741 1911 1863 1968 Quoe
1895 1912 2056 1975 Lm]
2108 1913 2284 1964 Quota
2318 1912 2457 1964 hora.
2522 1914 2737 1973 Luoari.

1673 1986 1771 2036 bus
1791 1987 1925 2036 enim
1953 1986 2092 2038 horis
2126 1989 2270 2037 velut
2301 2003 2592 2054 appensum
2628 2005 2733 2042 mo·

1676 2070 1827 2122 vetur
1864 2064 2099 2128 pelagus.
2165 2066 2359 2120 Borma.

1741 2144 1836 2190 108
1871 2141 1975 2197 Quo
2000 2139 2169 2201 fracto
2204 2142 2420 2193 tonitrua
2454 2144 2615 2208 unte]
2646 2141 2746 2195 Au

1673 2216 1958 2266 Elementis
1995 2217 2254 2281 astrisque
2288 2219 2356 2268 ad
2385 2227 2734 2271 meteororum

1672 2294 2036 2343 tractationem
2079 2294 2239 2346 venit.
2302 2295 2570 2347 Socratico
2607 2311 2733 2346 vero

1673 2374 1729 2417 et
1761 2368 2038 2418 Platonico
2075 2384 2220 2419 more
2256 2371 2429 2421 omnia
2467 2371 2634 2423 refert
2664 2374 2732 2426 ad

1674 2456 1857 2493 causas
1884 2444 2162 2495 naturales.

1738 2520 1916 2570 Fracta
1936 2523 2172 2586 tonitrua]
2203 2523 2321 2575 Qua
2345 2523 2396 2573 vi
2428 2488 2629 2575 sonitus
2654 2524 2733 2577 illi

1672 2596 2039 2660 perterricrepi
2078 2595 2256 2653 fractis
2297 2597 2431 2650 fiunt
2487 2600 2742 2659 nubibus.

1670 2671 1854 2723 Barth.

1737 2753 1832 2798 109
1868 2750 1990 2806 Quis
2031 2753 2195 2803 trahat
2246 2752 2519 2814 imbriferas
2564 2752 2729 2819 nubes]

1670 2824 1788 2876 Hoc
1814 2841 1934 2879 vero
1957 2835 2039 2878 est
2061 2830 2185 2879 Divi
2207 2830 2344 2883 iilius
2368 2815 2620 2880 Socratici
2643 2845 2730 2885 ne-

1672 2903 1884 2965 gotium.
1958 2905 2080 2956 Jovi
2122 2906 2301 2970 vulgus
2341 2906 2512 2955 secuti
2548 2905 2741 2956 Poetn-

1670 2979 1806 3029 hanc
1832 2980 1933 3029 vim
1953 2981 2202 3045 tribuunt,
2232 2996 2390 3047 quem
2401 2981 2732 3047 Strepsiades

1669 3068 1764 3118 per
1780 3055 1960 3119 ingens
1979 3057 2204 3108 cribrum
2227 3057 2507 3108 meientem
2530 3059 2744 3122 pluvias

1667 3127 1842 3180 facere
1858 3132 2174 3185 crediderat.

1733 3207 1867 3261 Saxa
1891 3210 2179 3274 Graminis]
2224 3210 2311 3263 Ab
2342 3211 2556 3275 effectu,
2592 3214 2744 3265 saxis

1669 3284 1802 3347 pari.
1835 3286 2014 3338 Barth.

1736 3361 1843 3416 Quo
1890 3377 2009 3413 saxa
2059 3362 2298 3427 creentrw]

1669 3436 1847 3501 rique:
1909 3438 2148 3497 serantur·
2190 3440 2358 3490 Aldus
2431 3449 2487 3492 et
2541 3440 2744 3495 decem.

1667 3529 1734 3565 ex
1771 3517 1972 3566 nostris.
2028 3517 2130 3566 duo
2154 3516 2398 3578 feruntur.
2440 3526 2547 3570 tres
2581 3535 2730 3570 wan·

1665 3599 1764 3642 tur.
1809 3597 2027 3643 rotantur
2091 3595 2338 3645 Mazarin.
2386 3596 2611 3645 Puteau.
2670 3603 2744 3651 et»

1667 3668 1989 3721 Rhemensis.
2054 3670 2191 3733 laege
2225 3677 2460 3723 tutentur.
2514 3673 2530 3701 ‘
2553 3679 2730 3727 rotare

1664 3746 1806 3794 saxa'
1844 3758 1922 3797 lv,
1947 3748 2097 3799 Cous.
2120 3747 2339 3799 Honorii
2378 3748 2534 3798 etiam
2573 3748 2730 3813 dixit,

1666 3838 1740 3874 vs.
1765 3827 1877 3874 83⁰.
1901 3825 1937 3874 Ι.
1972 3838 2011 3873 1.
2046 3825 2100 3874 in
2124 3824 2295 3876 Rufin.
2343 3826 2359 3854 ‘
2384 3826 2540 3875 Haud
2575 3840 2742 3877 secu&

1665 3898 1895 3962 hyberno
1919 3899 2144 3949 tumidus
2163 3916 2282 3950 cum
2303 3902 2501 3952 vortice
2519 3908 2726 3952 torrens

1665 3974 1803 4022 Saxa
1818 3981 1982 4027 rotat:
1987 3974 2163 4025 ’‘saxa
2180 3976 2366 4025 rotat-'e
2382 3978 2568 4039 passim
2587 3978 2740 4041 apud

1665 4050 1883 4114 poetas:
1925 4057 2141 4102 creentur
2162 4059 2338 4103 tamen
2359 4054 2513 4117 prim.
2547 4054 2723 4105 vatic.
2729 4078 2742 4101 ι

1663 4125 1744 4190 φά
1786 4133 2005 4179 mentior
2047 4128 2214 4178 codex
2258 4130 2500 4180 Claverii.
2592 4130 2728 4189 Quid

1661 4203 1824 4271 trahat
1846 4204 2022 4264 ctiam,
2037 4218 2142 4254 non
2166 4205 2291 4269 quis,
2312 4205 2645 4257 Florentium
2663 4207 2736 4259 S·.

2366 3365 2603 3415 creantur
2623 3366 2733 3429 ple-

1585 4308 1592 4317 ,
1660 4278 1850 4332 Marci.
1873 4285 1930 4331 et
1954 4266 2121 4345 flabra
2156 4294 2262 4332 nou
2284 4279 2455 4348 fluere
2490 4282 2731 4348 potiores
