2992 4925
1040 412 1140 461 DE
1186 411 1288 461 lv.
1334 411 1547 461 CONS·
1590 413 1875 463 HONOR.

353 569 529 609 onmes
538 553 913 611 dissensionum
924 560 1093 606 metm
1103 554 1421 621 perflabiles,

355 641 508 686 vocat
528 634 688 699 idem,
710 633 801 683 lib.
823 646 958 683 xxx.
990 633 1170 683 Barth.

419 711 597 761 Rabies
612 708 889 773 Maurusia]
922 708 1078 759 Firmi
1091 709 1316 773 scilicet,
1329 711 1418 776 qui

352 786 519 840 frater
541 787 802 854 Gildonis,
837 787 884 836 ei
907 786 973 837 ad
995 788 1324 851 tyrannidem
1337 789 1418 852 ja·

352 879 509 916 nuam
530 878 715 928 parum
735 863 963 915 feliciter
986 866 1213 928 aperuit.

417 949 484 995 40
516 945 720 1008 Bocchi]
743 944 827 993 Ab
841 945 941 995 hoc
957 945 1107 1010 Rege
1123 945 1211 994 din
1231 943 1417 994 nomen

350 1020 534 1070 habuit
561 1023 819 1087 Regnum,
857 1037 958 1072 non
995 1021 1203 1072 minima
1227 1019 1415 1073 Africae

351 1111 489 1160 pars.
523 1093 701 1148 Barth.
954 1137 958 1144 .

386 1173 483 1222 ‘42
514 1172 739 1223 Subdidit
775 1174 1017 1225 &ennam
1046 1173 1268 1238 sceptris]
1313 1175 1415 1224 Pa·

351 1262 467 1298 cem
490 1249 820 1300 aTheodosio
833 1251 946 1315 jam
964 1250 1213 1313 Principe
1228 1249 1417 1300 Persas

351 1339 450 1388 pro
471 1335 528 1376 re
551 1341 741 1391 magna
773 1327 988 1391 petiisse
1021 1327 1298 1378 concordia
1331 1332 1415 1377 est

348 1405 676 1468 scriptorum.
710 1405 861 1456 Ideni.
950 1447 955 1454 .

415 1484 482 1531 45
520 1482 735 1538 Qu‘oesita
765 1483 982 1548 tropaeis]
1028 1484 1240 1533 Virtute
1277 1482 1415 1533 enim

349 1558 566 1620 militari
603 1568 660 1610 et
682 1560 1045 1612 ‚Victoriarum
1079 1561 1284 1611 nomine
1314 1561 1417 1610 Im·

348 1638 553 1702 perium
575 1638 794 1702 adeptus
817 1645 896 1689 est
916 1638 1251 1689 Theodosius.
1290 1640 1416 1689 For-

344 1705 631 1766 titudinem
652 1716 837 1766 laudat
854 1714 1172 1779 Ammianus,
1195 1717 1230 1766 l.
1249 1729 1415 1766 xxix.

351 1791 367 1820 ‘
393 1792 674 1855 Expeditae
709 1794 920 1843 virtutis
954 1794 1160 1843 Ducem
1195 1793 1416 1845 vocans!

349 1867 548 1917 Parnm
572 1877 745 1919 antem
767 1879 921 1920 caute
940 1870 991 1919 in
1007 1869 1295 1920 Theodosio
1314 1871 1416 1920 Pa'-

349 1927 431 1993 tre
454 1945 566 1996 liaec
588 1945 897 1996 Claudianus
918 1946 1264 2007 commendat,
1295 1961 1413 2011 quae

346 2021 444 2073 filii
469 2005 688 2074 honorii
715 2026 867 2076 rebus
894 2023 1145 2089 officiunt,
1179 2028 1302 2077 solis
1326 2042 1414 2077 na-

344 2099 542 2150 talibus
584 2101 649 2150 ad
680 2101 964 2166 Imperium
1002 2109 1205 2167 evecto,
1241 2103 1414 2169 obque

347 2190 465 2227 eam
491 2192 600 2228 rem
622 2180 813 2244 saepius
836 2179 959 2229 alibi
983 2180 1207 2231 laudato.
1264 2181 1414 2231 Idem.

411 2253 481 2303 46
514 2253 624 2303 Novi
642 2254 898 2305 ambitione
911 2253 1112 2320 politus]
1145 2256 1270 2319 Alii,
1289 2257 1417 2320 poti·

346 2332 458 2379 tar.-
490 2330 627 2395 quod
663 2345 936 2395 perperam
974 2339 1182 2382 secutus
1206 2331 1415 2397 Raph'e-

347 2407 583 2473 longius:
617 2409 754 2458 male
792 2410 951 2459 etiam
985 2411 1098 2460 haec
1138 2410 1415 2478 distingue·

347 2483 557 2536 bantur.
589 2487 657 2537 D.
678 2486 851 2538 Heius.

414 2560 530 2611 Non
561 2562 842 2627 ambitione]
892 2563 1045 2614 Hanc
1086 2563 1417 2629 perniciosio-

345 2651 461 2687 rem
475 2638 629 2705 Reip.
661 2641 883 2690 avaritia
908 2648 1089 2691 censet
1103 2642 1414 2693 Plutarchus

347 2713 402 2764 in
427 2716 720 2781 Praeceptis
742 2716 1002 2780 Politicis,
1041 2718 1234 2782 quippe
1259 2718 1414 2769 auda-

349 2790 565 2857 ciorem,
597 2807 713 2844 cum
753 2792 962 2843 acribus
1000 2792 1222 2857 ingeniis
1260 2794 1417 2848 insita

346 2867 432 2918 sit.
468 2866 645 2919 Barth.
727 2870 734 2879 ’

411 2944 712 3010 Ambitione]
742 2945 1058 2995 Theodosius
1082 2945 1222 2996 enim
1239 2944 1414 3011 Impe-

346 3026 495 3070 rator
531 3021 737 3071 comitis
770 3021 928 3083 filins,
962 3029 1116 3086 patre
1156 3022 1415 3087 adempto,

348 3111 560 3162 suaeque
576 3098 738 3162 ipsius
751 3099 906 3148 saluti
923 3097 1217 3159 consulens,
1231 3098 1282 3147 in
1295 3099 1413 3149 His-

347 3172 556 3237 paniam
579 3189 639 3224 se
659 3174 870 3238 recipit,
903 3174 990 3224 ubi
1015 3173 1209 3241 ἄμαχος,
1222 3175 1287 3224 ad
1311 3177 1414 3241 pri·

350 3251 457 3301 vati
480 3252 686 3301 modum
706 3266 760 3301 se
781 3251 990 3315 redigit.
1022 3252 1127 3302 Sed
1152 3253 1271 3301 Deo
1294 3252 1412 3302 dan·

347 3333 425 3389 te,
443 3328 756 3379 Theodosius
779 3328 990 3378 tandem
1008 3343 1042 3377 a
1057 3327 1314 3378 Gratiano
1331 3344 1414 3380 ac·

350 3401 482 3454 citus
506 3410 620 3466 est;
655 3411 927 3469 postquam
949 3405 1229 3465 Valens,«ei
1249 3404 1415 3457 infen-

351 3491 454 3543 sus,
490 3495 594 3530 non
632 3481 872 3547 equidem
917 3481 1048 3545 fato,
1092 3482 1184 3533 sed
1225 3486 1414 3535 merita

346 3557 512 3607 morte
534 3558 710 3622 periit.
772 3558 1017 3609 Portavit
1037 3559 1224 3624 jugum
1255 3575 1413 3624 grave

2379 398 2555 492 ms

1493 559 1628 623 brio,
1641 557 1865 610 suaserit
1880 557 2136 626 discipulo
2152 574 2264 625 suo,
2276 565 2339 611 ut
2352 564 2553 615 tantum

1493 638 1658 688 virum
1680 638 1777 688 sibi
1815 639 2158 701 adscisceret3
2192 654 2353 704 qitare
2387 640 2557 692 Theo·

1491 713 1665 764 dosius
1686 714 1874 779 ipsum,
1905 715 1959 765 ni
1980 714 2149 779 fallor,
2168 723 2441 781 parentem
2466 732 2555 767 vo·

1491 792 1651 854 cavit,
1670 792 1887 858 ejusque
1907 794 2104 856 scripta
2123 808 2239 843 cum
2273 791 2468 845 affectu
2499 800 2555 845 et

1491 868 1830 920 admiratione
1853 871 2093 934 perlegit.
2128 872 2313 921 Closer.

1564 946 1708 996 Ultro
1751 962 1800 996 se
1837 963 2056 1012 purpura
2096 950 2295 1012 supplex
2341 946 2555 1013 Obtulit]

1490 1022 1688 1087 Magna
1702 1024 1814 1074 haec
1826 1025 2222 1076 commendatio.
2248 1027 2475 1076 Pacatus
2488 1026 2556 1077 de

1491 1100 1675 1150 eodem
1700 1101 2011 1154 Theodosio:
2044 1103 2060 1130 ‘
2087 1101 2336 1152 Oblatum
2366 1111 2556 1165 sponte

1493 1176 1775 1241 Imperium
1799 1179 2112 1243 deprecatus
2130 1179 2215 1229 es?

1556 1249 1781 1319 Purpura
1803 1259 1997 1321 supplex
2015 1255 2225 1321 obtulit]
2255 1255 2329 1306 Hi
2348 1253 2558 1306 demnm'

1489 1338 1758 1381 merentur
1793 1346 2032 1397 regnare,
2066 1332 2157 1398 qni
2195 1345 2412 1396 regnum
2449 1346 2556 1382 non

1491 1408 1818 1460 ambiverunt
1853 1424 2097 1474 unquam,
2133 1416 2190 1460 et
2222 1416 2556 1460 contemnere

1490 1490 1776 1547 potnerunt
1796 1484 1951 1535 etiam
1975 1485 2223 1535 oblatum.
2257 1486 2433 1535 Barth.
2469 1517 2488 1528 .·

1555 1564 1621 1609 48
1656 1561 1842 1611 Mer-uit
1874 1575 2076 1624 regnare
2110 1560 2330 1624 rogatus]
2362 1563 2555 1612 Veram

1492 1649 1603 1685 rem
1625 1635 1827 1688 faciunt
1858 1638 1959 1687 ista
1992 1638 2206 1689 Pacati:
2241 1640 2256 1667 ‘
2283 1637 2556 1703 Illudprae

1490 1714 1694 1764 caeteris
1714 1715 1919 1773 mirum,
1938 1730 2055 1763 cum
2080 1714 2251 1763 omnia
2272 1712 2473 1764 faceres
2495 1721 2559 1764 ut

1490 1788 1750 1854 imperare
1789 1790 2029 1853 deberes,
2067 1790 2193 1839 nihil
2224 1788 2455 1839 faciebas
2494 1796 2555 1840 ut

1490 1867 1784 1933 imperares.
1851 1867 2169 1933 Argumento
2203 1874 2285 1919 est
2316 1869 2425 1918 dies
2446 1868 2557 1932 ille,

1491 1946 1773 1995 communis
1796 1946 1930 1995 Boni
1962 1945 2166 2008 auctor,
2201 1961 2302 2011 quo
2327 1952 2403 2006 tu,
2438 1961 2557 1996 curn

1489 2021 1557 2071 ad
1581 2022 1962 2086 suscipiendam
1987 2022 2383 2087 Rempubiicam
2406 2036 2559 2071 voca·

1489 2098 1650 2161 baris,
1684 2100 1915 2150 oblatum
1938 2100 2219 2164 Imperium
2241 2097 2555 2165 deprecatus

1490 2174 1586 2235 es,’
1603 2178 1705 2226 διο.
1740 2167 1887 2226 Idem'.
2139 2212 2144 2218 -

1545 2257 1622 2304 ,49
1656 2255 1783 2304 Nam
1804 2270 1910 2303 cam
1933 2254 2193 2305 Barbaries
2224 2255 2413 2319 penitus
2432 2270 2555 2305 com·

1489 2329 1642 2393 motu]
1677 2331 2021 2381 Consentiunt
2043 2332 2095 2381 in
2118 2331 2215 2381 hoc
2239 2345 2412 2380 onmes
2435 2330 2555 2390 H'rsss

1489 2408 1645 2457 torici
1686 2416 1743 2458 et
1788 2408 2119 2473 chronologi,
2177 2414 2237 2456 nt
2292 2409 2553 2458 Barbaros

1488 2487 1690 2536 amoliri
1744 2494 1936 2552 posset,
1994 2486 2249 2536 adscitum
2299 2476 2554 2540 Gratiano

1487 2562 1851 2615 Theodosium.
1883 2565 2034 2612 Idem.
2523 2555 2534 2565 ‘

1555 2641 1839 2705 Barvories]
1886 2640 2064 2690 Habes
2101 2638 2280 2690 horum
2315 2638 2558 2689 barbaro·

1491 2730 1603 2765 rum
1622 2716 1828 2765 nomina
1846 2715 1985 2779 apud
2004 2713 2270 2765 Sidonium
2288 2713 2341 2762 in
2358 2714 2556 2776 Paneg.

1488 2792 1792 2856 Maioriani,
1831 2792 1924 2842 sed
1960 2805 2142 2841 vereor
2181 2803 2249 2840 ne
2286 2788 2555 2854 corrupta,
2613 2858 2620 2863 ·

1489 2869 1678 2919 Delrio.

1555 2950 1621 2994 50
1655 2944 1934 3009 Rhodopen]
1965 2945 2030 2994 In
2045 2942 2264 2994 Thracia
2285 2942 2555 2993 caesiBar,

1488 3019 1625 3080 bari,
1664 3020 1884 3085 primum
1905 3020 2107 3070 facinus
2145 3018 2402 3081 Hispania
2434 3015 2556 3067 ev'o-

1487 3099 1596 3147 cati
1615 3097 1943 3162 Imperioque
1966 3094 2162 3145 admoti
2186 3093 2472 3143 Theodosii.

1555 3176 1721 3224 Mixto
1756 3173 1966 3237 turbiue]
2022 3174 2142 3223 Non
2173 3171 2311 3221 enim
2349 3166 2553 3220 tantum

1489 3266 1594 3301 una
1629 3250 1748 3315 fuit,
1791 3251 1885 3301 sed
1920 3248 2166 3300 colluvies
2203 3247 2459 3297 victarum
2496 3253 2554 3301 et

1489 3328 1823 3379 vincentium.
1856 3327 2035 3377 Barth.

1554 3405 1720 3455 Mixto
1755 3403 1943 3453 turbine
1972 3402 2159 3465 gentis]
2204 3401 2290 3451 Sic
2328 3402 2551 3452 Lucens.

1488 3487 1545 3531 et
1584 3481 1823 3530 undecim
1862 3480 1983 3529 alii:
2033 3478 2289 3543 quomodo
2328 3474 2555 3531 scriben-

1487 3559 1611 3609 dum
1655 3572 1837 3607 sensns
1859 3556 2125 3621 postulat.
2171 3556 2325 3618 vulgo
2364 3559 2551 3616 gentes.

347 3631 661 3683 Theodosius
685 3649 714 3683 a
727 3635 1028 3699 juventute,
1049 3636 1253 3701 qnando
1270 3638 1319 3687 ei
1338 3638 1439 3687 in>
1489 3636 1564 3685 D.
1590 3635 1773 3684 Heius.

348 3699 691 3773 sidiaba‘ntnr,
730 3712 818 3776 qni
853 3719 1054 3776 patrem
1091 3714 1201 3777 ejus
1237 3714 1412 3764 trium-

345 3786 615 3855 phatorem
633 3789 951 3839 occiderant.
990 3791 1174 3840 Closer.

407 3867 474 3914 47
507 3865 679 3926 Digna
697 3864 792 3926 legi
811 3866 984 3930 vinus]
1017 3864 1105 3915 Ob
1128 3867 1289 3915 solam
1311 3866 1411 3917 vir-

1551 3715 1613 3760 51
1646 3709 1843 3773 Arctos]
1890 3709 2055 3773 Plaga
2088 3708 2412 3774 populusque
2445 3723 2552 3758 om·

1483 3788 1563 3837 nis
1580 3782 2028 3851 Septentrionalis.
2060 3786 2237 3836 Barth.

1550 3869 1616 3913 52
1658 3864 1928 3928 Votum-ent]
1964 3863 2160 3925 Insigni
2182 3855 2551 3928 inconditaqu'e

345 3945 511 3990 tutem
527 3940 819 3993 adsumtum
838 3943 1045 3991 Summo
1062 3942 1291 4007 Imperio
1309 3948 1411 3992 tra·
1483 3943 1653 4006 copia.
1715 3942 1896 3992 Maro:
1929 3943 1945 3969 *
1964 3942 2122 3992 Mane
2141 3939 2454 3990 salutantum
2473 3938 2551 3990 to'·

344 4015 426 4066 dit
470 4028 501 4064 a
544 4015 800 4066 Gratiano
841 4017 1203 4080 Theodosium,
1259 4032 1408 4069 acce·
1484 4019 1553 4068 tis
1573 4018 1735 4068 vomit
1754 4017 1955 4068 aedibns
1975 4015 2199 4067 undam)
2232 4015 2384 4064 Idem.
2409 4049 2416 4055 -

345 4091 505 4144 dente
528 4094 781 4156 Eligentis
804 4095 1131 4144 necessitate.
1165 4096 1342 4145 Barth.

1548 4099 1611 4144 53
1647 4095 1767 4144 Cum
1786 4095 1971 4145 Geticis
1984 4092 2176 4155 iugens]
2209 4094 2350 4143 Puto
2371 4093 2552 4156 lugens,

384 4166 580 4232 ‘Digna
599 4170 694 4232 legi
713 4169 888 4233 uirtus]
930 4171 1051 4221 Non
1077 4171 1259 4221 dubito
1282 4173 1409 4237 quin
1483 4171 1717 4236 quamvis
1756 4172 1880 4234 libri,
1911 4185 2014 4220 non
2039 4172 2262 4235 juvent:
2310 4169 2386 4218 sic
2421 4170 2437 4198 ⁴
2463 4178 2552 4233 gei·

345 4241 624 4308 Ausonius,
658 4246 737 4297 vir
756 4246 952 4311 probus
973 4255 1028 4297 et
1051 4247 1287 4310 illustris,
1318 4249 1408 4315 qni
1476 4254 1711 4297 mentem
1766 4246 2065 4311 Rhodopen'
2120 4253 2244 4297 ante
2307 4244 2547 4295 dixeratz

345 4327 473 4373 tune
494 4322 741 4386 temporis
762 4323 944 4374 consul
979 4330 1098 4375 erat
1135 4339 1252 4375 cum
1277 4324 1408 4390 Oly-

1481 4326 1500 4354 ‘
1524 4324 1663 4375 mille
1684 4325 1942 4390 gementis
1965 4324 2137 4376 Italiae
2160 4322 2372 4387 clades,⁹
2393 4323 2546 4372 Bello
