2992 4925
266 1834 608 1908 ,negligentia
625 1834 824 1888 facies?
858 1838 1008 1887 [dent.

876 413 883 418 ι
981 383 1079 431 ΠΒ
1125 380 1227 431 IV·
1254 379 1488 430 GONS·
1529 378 1818 430 noNott.

284 523 468 594 mittas
487 533 546 596 et
583 528 842 581 incautius
879 543 1020 593 agas.
1084 526 1350 578 Securitas

282 598 503 656 nimium
541 614 792 672 quantum
829 620 999 656 nocua
1037 612 1118 655 est
1140 604 1352 654 militari
1422 604 1525 654 mis
1560 603 1875 668 Scriptores.

281 680 601 733 fortitudini.
689 683 857 734 Etiam
914 682 1175 732 Fortunae.
1228 680 1352 731 Vel-

280 759 430 822 leius,
453 760 548 809 lib.
574 773 637 810 11.
661 759 713 808 in
736 759 888 809 clade
909 758 1168 809 Variana:
1202 757 1218 785 ‘
1243 757 1352 807 Ne-

281 837 475 887 minem
518 838 742 887 celerius
781 837 1025 902 opprimi,
1067 852 1217 904 quam
1263 837 1353 903 qui

283 914 410 980 nibil
457 915 687 965 timeret.
765 917 837 965 Et
877 913 1353 980 frequentissimum

283 989 492 1040 initium
509 1006 625 1041 esse
642 992 970 1056 calamitatis,
987 990 1354 1042 securitatem!

347 1066 617 1132 Remittas]
662 1067 747 1118 Ab
785 1062 929 1131 arcu,
968 1067 1118 1132 cujus
1153 1068 1354 1118 remissi

276 1142 426 1207 jacet
450 1159 588 1196 usus.
651 1146 901 1196 Salustius
921 1145 989 1195 de
1011 1144 1210 1194 Mario:
1243 1145 1354 1194 ‘ni-

272 1218 356 1267 bil
392 1220 535 1283 apud
577 1234 632 1269 se
671 1222 959 1286 remissum,
1003 1222 1143 1288 apud
1177 1222 1355 1273 hostes

286 1301 453 1345 tutum
477 1297 625 1361 pati!
656 1298 835 1349 Barth.
912 1321 922 1330 ·

348 1376 448 1422 334
483 1376 662 1424 Multis
678 1376 899 1424 damnosa
909 1373 1114 1436 suerunt
1138 1373 1355 1438 Gaudia]

283 1449 581 1500 Exsultatio
658 1452 965 1501 inconsulta»
1044 1452 1354 1500 securitatis.

287 1526 520 1590 Curtius,
556 1527 647 1578 lib.
670 1531 795 1578 vt.‘
823 1528 999 1577 Parva
1037 1541 1179 1591 saepe
1220 1528 1354 1577 scin·

285 1603 400 1664 tilla
437 1612 706 1655 contemta
740 1621 982 1671 magnum
1004 1606 1256 1657 excitavit
1280 1606 1355 1655 in·

285 1672 545 1732 cendium.
608 1682 702 1732 Nil
726 1690 840 1733 tuto
861 1682 916 1732 iu
948 1686 1099 1734 hoste
1133 1682 1355 1747 despici-

283 1761 402 1807 tur:
466 1774 620 1823 quem
676 1761 955 1825 spreveris,
1013 1761 1356 1812 valentiorem

296 1911 303 1914 ’
345 1914 443 1959 335
479 1911 742 1977 Somnoque
770 1913 938 1977 solati]
971 1914 1093 1965 Non
1116 1914 1355 1965 observa-

283 1987 351 2036 tis
375 1987 580 2053 legibus
604 1997 661 2041 et
682 2006 825 2042 more
848 1992 1071 2056 militiae,
1091 1992 1281 2044 deinde
1302 1994 1356 2042 in

276 2069 553 2128 torporem
608 2069 826 2132 crapula
879 2067 1130 2134 feriisque
1181 2069 1356 2132 soluti,

284 2142 598 2192 somnolenti
622 2144 862 2207 appetitu
895 2145 1114 2195 luxuriae
1144 2153 1200 2197 et
1221 2160 1357 2195 mar-

283 2217 391 2267 cidi
414 2215 611 2269 effecti.
644 2219 795 2271 Idem.

345 2300 447 2345 336
480 2295 670 2360 Saepim
708 2298 912 2347 incaute
950 2300 1112 2350 nocuit
1155 2300 1357 2350 victoria

283 2372 459 2435 turboe]
506 2373 802 2424 Prudentia
821 2376 1060 2425 nimirum
1078 2376 1357 2441 jungenda

283 2449 540 2513 potentiae
559 2458 616 2502 et
639 2448 904 2515 felicitati,
921 2461 979 2503 ut
992 2453 1180 2504 scitum
1198 2453 1358 2526 Apol-

281 2527 421 2577 lonio
444 2529 698 2592 Tyanaeo,
718 2530 888 2594 Epist.
911 2545 1006 2582 xx.
1057 2533 1175 2582 Nec
1198 2524 1356 2581 facile

262 2599 372 2654 'illa
394 2604 522 2655 alibi
558 2606 723 2670 magis
758 2623 912 2673 quam
947 2610 1000 2659 in
1035 2595 1227 2659 talibus
1251 2611 1360 2693 eluf

285 2688 578 2822 ceutS'oepius
557 2758 786 2824 incauta]
827 2760 1096 2812 Velleius·
1145 2762 1161 2790 ‘
1187 2762 1358 2813 Nemo

272 2831 513 2884 'celerius
550 2836 881 2902 opprimitur,
920 2853 1076 2927 quam
1107 2839 1197 2904 qui
1231 2841 1359 2890 nibil

283 2911 468 2962 timet?
501 2913 690 2963 Barth.
784 2946 789 2951 ·

347 2992 445 3038 337
482 2989 595 3038 Neu
633 2989 725 3039 tibi
762 2990 995 3056 regificis]
1045 2993 1360 3057 Temperan-

286 3067 409 3116 tiam
441 3067 558 3131 jam
582 3066 890 3119 Prudentiae
919 3068 1134 3119 militari
1162 3069 1360 3135 jungit,

285 3143 552 3194 laudatam
583 3144 724 3193 omni
744 3144 995 3195 laudabili
1028 3145 1082 3195 in
1105 3140 1359 3212 principe.

287 3370 292 3374 ι
349 3301 448 3348 338
478 3297 711 3362 Deliciis]
743 3296 1135 3348 Abstinentiam
1154 3298 1362 3350 delicia-

258 3388 397 3425 *rnm
434 3373 771 3424 commendat
792 3389 887 3439 pro
923 3388 1122 3425 summa
1163 3376 1358 3426 virtute

287 3452 341 3500 in
361 3451 666 3517 Stilichone,
700 3451 921 3518 aliisque
960 3452 1222 3504 Heroibus
1251 3453 1358 3504 suis

284 3530 512 3580 caeteris.

266 3601 291 3607 ”
350 3607 567 3658 Inbelles
586 3609 651 3656 ad
686 3606 828 3669 sig-na
861 3607 1115 3674 muiplos]
1151 3609 1235 3660 Ne
1274 3604 1369 3674 ap?

286 3691 529 3748 paratum
568 3684 795 3734 aulicum
836 3685 1083 3736 militibus
1121 3686 1361 3750 misceas,

286 3752 352 3812 ne
375 3761 788 3827 pocillatoribus,
824 3762 1038 3827 aliisque
1070 3777 1361 3813 mensarum

287 3841 514 3903 asseclis,
536 3838 827 3904 manipulos
851 3837 1056 3889 farcias.
1091 3840 1272 3889 Barth.

348 3919 432 3975 Ad
461 3919 603 3980 signu
639 3915 906 3979 ministr-oq
958 3916 1182 3967 Rectius
1219 3917 1361 3981 prior

290 3986 639 4046 Moreticum
671 4009 772 4043 uuo
795 3995 944 4046 Med.
979 3996 1238 4060 maniplos.-
1271 4011 1359 4046 ne-

284 4084 387 4141 ⁴que
421 4072 575 4121 aliter
610 4076 865 4134 excerpta
899 4070 1178 4136 Pomponii
1208 4072 1359 4122 Laeti.

286 4146 361 4216 D.
380 4147 553 4198 Heius.

351 4226 451 4273 339
484 4222 844 4287 Nsuflantibus
864 4224 1060 4286 auaris,
1079 4239 1167 4276 neu
1185 4225 1359 4289 pluviis

266 4289 447 4377 siem]
478 4298 861 4377 Argumentum
881 4300 982 4352 boc
1017 4301 1174 4353 animi
1195 4302 1356 4354 bella.

2317 358 2491 445 1349

1427 525 1504 577 cis
1521 532 1579 576 et
1601 525 1783 577 invicti
1803 524 2000 577 babent
2017 527 2073 576 in
2098 524 2336 578 Ducibus
2357 523 2496 591 opti,-

1958 603 2166 654 Hirtius
2220 602 2288 653 de
2341 602 2493 653 Bello

1426 679 1679 732 Africano
1700 697 1714 731 ι
1748 682 1764 709 ‘
1786 681 2049 732 Labienus
2070 681 2124 730 in
2144 695 2298 747 equo,
2318 681 2497 747 capite

1428 758 1585 822 nudo,
1617 758 1813 808 versari
1845 758 1899 808 iu
1924 759 2090 822 prima
2126 756 2272 808 acie!
2336 756 2496 821 Spar-

1428 836 1598 886 tianus
1621 834 1881 886 Adriano:
1916 835 1932 863 ‘
1958 834 2178 899 Frigora
2191 845 2249 892 et
2270 838 2496 898 tempes-

1428 918 1570 963 tates
1606 907 1715 963 t'am
1755 912 2015 978 patienter
2052 909 2197 974 tulit,
2239 915 2301 960 ut
2336 914 2498 974 caput

1428 1006 1690 1056 uunquam
1714 989 1956 1055 tegeret)
1986 989 2167 1039 Barth.

1429 1086 1437 1096 ·
1496 1073 1594 1119 340
1625 1067 1921 1131 qumura]
1952 1067 2306 1117 Prohibitura.
2341 1064 2494 1115 Iden.

1496 1149 1591 1195 341
1633 1143 1936 1207 Umbras-ala]
1968 1141 2113 1194 Auro
2133 1148 2286 1193 texta
2301 1142 2502 1206 tapetia

1432 1236 1524 1273 seu
1545 1223 1678 1286 vela,
1712 1221 1901 1287 quibus
1921 1220 2150 1271 obtentis
2171 1220 2349 1270 calens
2385 1218 2500 1269 (lies

1435 1300 1790 1350 avertebatur.
1824 1299 1977 1349 Idem.
2489 1361 2496 1364 .

1495 1380 1593 1427 342
1628 1377 1844 1427 laventis
1861 1382 1998 1426 utar-s
2020 1373 2164 1439 cibis]
2210 1372 2496 1424 Abstinen-

1431 1453 1559 1518 tiam
1573 1453 1848 1504 Theodosii
1877 1453 2090 1503 laudant
2112 1458 2167 1501 et
2188 1452 2253 1501 B.
2276 1449 2499 1502 Ambro-

1431 1530 1555 1594 sius,
1574 1531 1894 1581 Victorinus.
1943 1528 2245 1579 Laudatur·
2230 1541 2285 1576 m
2309 1527 2498 1577 Heroi-

1431 1607 1527 1658 bus
1549 1608 1662 1658 aliis
1682 1607 1788 1658 cibi
1810 1606 2061 1672 parcitas.

1498 1683 1722 1734 Salabers
1740 1687 1905 1747 partes
1934 1682 2133 1746 AEquali
2166 1682 2337 1731 sudore
2369 1627 2504 1748 titus]

1433 1761 1715 1826 Nunquam
1739 1761 1995 1823 promtior
2014 1760 2080 1809 ad
2101 1757 2291 1808 Martis
2323 1757 2503 1807 munia

1346 1859 1353 1869 ·
1431 1838 1600 1903 miles,
1653 1852 1804 1903 quam
1859 1837 2102 1903 exemplo
2159 1835 2500 1950 Imperatoris

1431 1921 1734 1980 conspecto.
1765 1914 1945 1965 Barth.

1498 1995 1593 2040 345
1626 1990 1796 2040 Sumtu
1824 2006 1888 2040 ns
1913 1992 2093 2054 pudeat
2127 2004 2347 2053 quercum
2376 1995 2508 2039 stru·

1429 2069 1575 2132 visse]
1621 2069 1707 2119 De
1730 2069 1937 2117 Caesare
1961 2069 2234 2117 Lucanus.
2283 2067 2299 2094 ‘
2324 2064 2507 2129 Impli-

1433 2146 1568 2209 citas
1592 2159 1781 2209 magno
1804 2134 1981 2195 Caesar
2019 2149 2230 2209 torpore
2264 2144 2504 2193 cobortes

1432 2222 1511 2272 Ut
1533 2222 1680 2286 vidit,
1717 2229 1919 2286 raptam
1959 2222 2154 2285 primus
2182 2219 2388 2270 vibrare
2426 2219 2503 2270 bi-

1433 2314 1656 2365 pennem
1680 2298 1873 2367 Ausus,
1896 2304 1954 2349 et
1976 2298 2182 2348 ae'ream
2205 2296 2346 2348 ferro
2368 2312 2505 2400 prae

1431 2375 1611 2427 cidere
1632 2374 2104 2440 quercum.'1dem.

1500 2455 1595 2502 347
1632 2451 1831 2502 Fluvios
1850 2456 1906 2502 tu
1922 2456 2112 2515 protere
2132 2449 2300 2514 curru]
2352 2448 2505 2500 Cursu

1431 2529 1710 2594 legendum
1728 2544 1847 2579 cum
1863 2529 2037 2579 Delrii
2053 2527 2254 2591 codice,
2269 2541 2376 2577 uno
2390 2528 2507 2577 Me-

1434 2608 1602 2670 diceo,
1625 2607 1903 2671 Excerptis
1926 2608 2312 2671 Pomponianis,
2332 2612 2389 2656 et
2402 2608 2509 2656 Va-

1433 2686 1626 2737 ticanis
1664 2685 2135 2752 duchat-probat
2169 2686 2329 2736 etiam
2367 2684 2508 2734 curis

1436 2761 1680 2813 secundis
1706 2762 1974 2814 Bartbius.
2040 2762 2263 2812 Cursum
2295 2761 2509 2825 ¹natatui

1435 2838 1672 2904 opponit.
1738 2838 1999 2889 Hcs-entes
2035 2838 2197 2888 etiam
2235 2851 2333 2902 pro
2357 2837 2509 2899 ,Hor-

1433 2921 1610 2981 rentes,
1655 2915 1840 2980 scripti
1885 2915 2206 2979 paucissimis
2230 2914 2504 2977 exceptis:

1434 2993 1765 3057 quodsrecte
1826 2991 2215 3056 Rapbeleugius
2275 2996 2507 3041 secutus.

1434 3070 1674 3134 Scriptor
1713 3068 1782 3118 de
1820 3067 1960 3117 laud.
2008 3066 2227 3117 Hercul.
2281 3067 2301 3095 ⁴
2327 3066 2507 3117 solidis

1435 3147 1699 3196 haererent
1716 3144 1934 3195 'flumina
1947 3142 2207 3209 lymphis!
2240 3143 2311 3194 D.
2333 3143 2509 3209 Heius.

1502 3229 1600 3276 348
1635 3222 1854 3286 Notata]
1887 3223 2122 3273 Natandi
2146 3222 2507 3288 peritiaquam

1437 3302 1692 3370 requisita
1712 3300 2035 3367 principibus
2068 3301 2257 3352 doceat
2277 3300 2360 3350 vel
2379 3301 2508 3350 Sue-

1438 3383 1632 3447 tonius,
1671 3380 1757 3446 qui
1795 3381 1935 3429 inter
1975 3377 2270 3428 rudimenta
2322 3376 2508 3442 refert,

1436 3458 1664 3524 Augusti
1700 3471 1817 3522 cap.
1840 3459 1923 3506 64.
1967 3453 2341 3507 “Athenienses
2378 3468 2510 3505 nare

1438 3536 1703 3589 docebant
1723 3548 1912 3599 pueros
1950 3547 2072 3582 cum
2108 3531 2311 3599 primis
2322 3531 2509 3615 literis.

1426 3615 1642 3665 Barth.

1501 3694 1602 3740 349
1636 3691 1777 3740 Nunc
1797 3690 1954 3755 eques]
1985 3688 2126 3739 Laus
2149 3644 2510 3751 Imperatoris,

1437 3767 1767 3823 confortatio
1780 3768 1981 3831 militis,
2017 3765 2211 3832 praeire
2229 3765 2418 3831 ipsum,
2451 3772 2510 3816 et

1437 3846 1672 3910 pericula
1715 3847 1931 3912 aggredi
1977 3844 2286 3910 principem.
2352 3843 2508 3919 Silius

1437 3923 1673 3988 Italicus,
1712 3923 1804 3974 lib.
1831 3938 1923 3975 xv.
1956 3925 1972 3953 ‘
1994 3924 2170 3974 alacer
2201 3921 2514 3986 praecedere

1402 4024 1409 4029 ·
1436 4001 1659 4052 ductor.'
1693 4003 1845 4052 Idan.

1504 4083 1603 4133 350
1636 4080 1794 4130 Pedes
1812 4078 2005 4130 assistas
2020 4077 2199 4143 pediti]
2233 4076 2318 4127 Ne
2335 4090 2437 4142 qua
2455 4075 2511 4126 in

1440 4170 1499 4207 re
1541 4157 1946 4221 praerogativam
1979 4157 2189 4219 habeas,
2226 4161 2319 4206 aut
2343 4155 2510 4219 potio·

1437 4245 1545 4283 rem
1570 4232 2008 4283 commilitonibus
2027 4233 2212 4283 locum·
2233 4231 2287 4281 in
2310 4244 2511 4296 campo.

1498 4309 1751 4373 Prontius
1785 4310 1922 4362 ibunt
1961 4311 2030 4363 Ts
2064 4309 2215 4376 mio]
2246 4307 2510 4363 commili-
