2992 4925
843 394 1059 456 NorAE
1104 389 1505 442 vasionen
1554 391 1632 444 m
1682 392 1793 439 ot..
1840 361 2119 443 cumn.
2167 391 2304 441 xx.

478 535 783 586 Eunuchum
821 533 983 584 solum
1020 535 1191 584 omnia
1225 535 1408 599 proelia
1444 534 1535 583 im·
1611 540 1826 598 paretur
1863 534 2088 599 spadoni
2126 535 2378 600 virginem
2417 535 2676 598 complec-

475 613 641 675 plere,
680 618 895 662 vacante
932 618 1206 675 opera-tot
1238 610 1537 661 fortissimo-

480 701 593 737 rum
613 695 668 738 et
689 689 875 737 ducum
900 695 956 736 et
976 689 1219 738 militum?
1252 689 1426 737 Barth.

504 787 515 795 ·
548 763 716 827 Miles]
749 765 930 825 Pauci,
949 779 1076 829 quos
1097 766 1287 814 amavit
1307 767 1469 826 Mars,
1486 764 1536 812 id

480 841 695 889 nominis
729 841 991 889 consecuti
1016 847 1149 891 sunt.
1215 841 1345 889 Inde
1368 840 1539 903 Impe-

482 925 624 966 rator
655 917 743 965 ille
774 918 1143 966 commilitones
1166 916 1317 979 dixit,
1338 917 1458 980 quia
1486 923 1542 964 et

484 994 629 1042 miles
662 994 838 1042 haberi
880 995 1068 1055 voluit3
1119 995 1266 1042 multi
1288 994 1426 1042 enim
1448 993 1568 1041 du-‘

485 1082 592 1133 ees,
630 1071 785 1132 pauci
820 1072 1025 1119 milites.
1095 1069 1246 1118 Hanc
1269 1083 1394 1117 sane
1431 1069 1544 1126 Rex

483 1146 553 1195 in·
592 1148 801 1211 Europa
845 1147 1091 1195 maximus
1143 1146 1544 1210 appellationem

484 1237 588 1273 non
609 1225 862 1273 renuebat
877 1225 1016 1285 olim,
1041 1238 1138 1272 nec
1157 1225 1268 1272 sine
1289 1223 1543 1286 exemplo.

485 1302 677 1350 Exstat
699 1302 831 1350 enim
858 1309 1004 1350 vetus
1046 1302 1225 1350 Romae
1263 1291 1547 1364 inscriptio,

487 1378 601 1427 stu.
619 1378 773 1428 V.-C.
806 1387 866 1427 et
887 1379 1135 1440 inlustris,
1168 1378 1343 1427 militis
1366 1385 1422 1426 et
1443 1392 1546 1426 ma-

488 1456 636 1521 gistri
658 1457 924 1520 utriusque
949 1455 1161 1505 militiae.
1197 1456 1383 1503 Cluver-

508 1553 515 1558 ·
557 1534 746 1584 Tertius
764 1532 896 1581 urbis
920 1531 1167 1594 Conditor]
1199 1535 1430 1581 Summus
1461 1531 1550 1579 ho-

491 1622 603 1672 nos,
635 1623 857 1659 summus
878 1609 1079 1667 titulus,
1098 1606 1389 1669 adscriptus
1410 1607 1551 1670 apud

491 1685 689 1734 Urbem
738 1685 949 1732 Romam
1005 1683 1184 1745 paucis
1231 1683 1454 1745 omnino,
1496 1691 1553 1732 et

491 1764 708 1814 Camillo
744 1764 1023 1826 praecipue,
1061 1771 1120 1811 ut
1149 1777 1303 1827 supra
1343 1764 1552 1813 dictum.

491 1841 603 1890 Isto
643 1846 814 1890 autem
840 1854 951 1889 aevo
984 1841 1232 1889 Barbarie
1265 1847 1321 1888 et
1353 1840 1553 1890 Graecis

493 1916 1002 1980 Hellesponticisque
1026 1917 1405 1967 adulationibus
1428 1918 1557 1980 pris-

493 2008 609 2044 cam
622 1994 942 2058 disciplinam
952 1993 1331 2057 frangentibus,
1346 2008 1447 2043 non
1468 1994 1555 2041 ad-

491 2085 556 2120 eo
578 2072 681 2121 alte
704 2071 854 2133 situs,
878 2070 1002 2135 quin
1045 2071 1161 2134 capi
1200 2071 1430 2134 potuerit
1452 2083 1555 2118 non

494 2148 693 2211 paucis.
745 2148 989 2197 Dabatur
1010 2154 1181 2196 autem
1201 2146 1557 2196 instauraturi-

463 2224 591 2276 dms
611 2224 710 2273 iste
732 2224 891 2272 honos
924 2223 1079 2272 etiam
1102 2221 1167 2270 ab
1190 2223 1303 2271 aliia
1324 2221 1555 2271 urbibus.

498 2299 678 2348 Barth.

561 2378 624 2428 88
658 2374 845 2438 Byzas]
877 2375 1024 2424 Unus
1043 2390 1074 2425 e
1096 2374 1425 2425 nobilissimis
1449 2377 1557 2426 He·

496 2451 673 2501 rnibus
695 2451 853 2515 prisci
875 2453 993 2514 oevi,
1029 2451 1280 2503 Conditor
1304 2454 1559 2518 Byzantii,

496 2542 612 2579 cnm
649 2529 762 2593 ejus
801 2529 979 2594 oppidi
1018 2530 1172 2594 Ligos
1197 2538 1558 2581 -antenomen
1603 2534 1610 2541 ‘

497 2602 648 2654 foret.
682 2605 830 2654 Idem·

557 2686 626 2731 84
652 2682 922 2743 Producere
939 2697 1087 2731 coeaos
1109 2683 1168 2731 In
1189 2684 1358 2750 Mrem]
1390 2685 1561 2733 Luxu·

488 2758 578 2807 ria
600 2759 790 2822 prisca,
829 2765 883 2807 et
923 2759 1156 2808 omnibus
1192 2761 1376 2809 seculis
1398 2760 1560 2809 conti·

498 2840 677 2885 nuata.
742 2834 828 2884 Sic
850 2835 1049 2885 Acerra
1083 2837 1223 2900 apud
1245 2835 1561 2899 Martialem,

497 2912 536 2965 l.
555 2925 593 2961 1.
618 2913 797 2977 Epigr.
820 2916 900 2963 85.
932 2913 948 2940 ‘
972 2912 1231 2963 Hesterno
1253 2911 1437 2963 foetere
1459 2927 1565 2962 me-

499 3004 559 3039 ro
598 2989 684 3055 qui
725 2991 892 3040 credit
932 2990 1180 3041 Acerram
1220 2992 1440 3041 Fallitur
1459 3007 1474 3052 ;
1509 2991 1562 3040 in

498 3066 668 3116 lucem
691 3081 898 3130 semper
917 3066 1120 3116 Acerra
1141 3067 1311 3117 bibit!
1346 3066 1495 3117 Idem·

561 3145 626 3191 86
670 3142 848 3192 Facere
872 3142 1019 3205 mero]
1055 3144 1332 3194 Hesterno.

520 3242 527 3251 ·
566 3220 791 3269 Plausum
815 3221 1067 3284 Emturas]
1112 3223 1363 3272 Pavorem
1385 3224 1563 3287 vulga-

501 3309 628 3359 rem,
661 3309 813 3360 quem
845 3297 944 3346 hoc
982 3306 1137 3361 pacto
1167 3313 1425 3363 nunquam
1458 3315 1565 3349 am-

501 3371 654 3421 biisse
664 3371 893 3421 Heroiim
907 3387 1053 3421 sunm
1064 3372 1400 3423 Stilichonem
1412 3370 1566 3424 Clau·

490 3449 685 3499 ⁴dianus
708 3448 828 3498 alibi
852 3451 1041 3513 saepius
1064 3456 1303 3500 testatur.
1337 3451 1515 3501 Barth.

524 3544 531 3549 ·
562 3529 628 3575 87
645 3525 807 3575 Alieni
823 3527 1056 3588 prodigas
1069 3526 1201 3589 ouri]
1220 3526 1410 3576 Servus
1429 3528 1564 3576 enim

500 3602 628 3650 nihil
651 3604 755 3653 tale
780 3609 988 3665 poterat
1010 3603 1292 3666 possidere,
1313 3609 1371 3652 et
1404 3604 1566 3652 invol-

501 3686 653 3729 verat
688 3680 1033 3729 hereditatem
1072 3676 1265 3743 Rufini,
1300 3679 1366 3728 ad
1397 3678 1563 3744 ipsum

504 3756 630 3805 nihil
650 3758 1013 3820 pertinentem.
1048 3756 1195 3806 Idem·

544 3860 550 3864 -
572 3835 635 3881 88
668 3835 739 3882 At
759 3824 891 3881 soror
908 3838 954 3881 et
975 3833 1117 3896 uxor]
1142 3834 1259 3882 Una·
1279 3826 1566 3899 eademque

503 3908 701 3958 mulier.
765 3908 992 3957 Uxorem
1026 3915 1219 3970 autem,
1241 3917 1332 3960 aut
1368 3924 1460 3974 pro
1482 3924 1565 3972 ea,

505 3998 620 4035 eam
636 3982 1130 4046 habuit-Eunuchus,
1150 3986 1233 4034 vel
1252 3986 1318 4034 ad
1337 3988 1567 4036 dissimu-

505 4062 711 4112 landum
729 4074 873 4110 suam
898 4059 1276 4123 infelicitatem,
1303 4064 1388 4111 vel
1422 4070 1477 4112 et
1501 4064 1567 4113 ob

504 4137 772 4187 libidinem
810 4137 1072 4185 Eunuchis
1110 4135 1435 4198 familiarem,
1478 4128 1568 4202 qui

504 4212 832 4263 intentissimi
856 4212 1098 4262 dicuntur
1116 4221 1371 4263 amatores
1391 4215 1568 4264 mulie-

507 4296 642 4352 rum,
662 4289 793 4339 adeo
815 4289 946 4337 utin
981 4289 1142 4339 sacris
1180 4289 1341 4338 etiam
1378 4291 1569 4341 litteris

506 4380 760 4419 summum
777 4365 869 4416 sed
889 4358 1087 4417 cassum
1104 4365 1414 4419 desiderium
1432 4382 1570 4420 com-

1614 612 1763 670 tenti.
1827 613 1897 661 Et
1921 612 2177 662 Martialis
2193 613 2424 666 scortum
2446 626 2541 661 suo
2563 626 2677 662 aevo

1614 689 1785 738 nobile
1824 691 2096 740 Eunuchos
2131 690 2334 749 aluisse,
2356 689 2541 754 quibua
2574 695 2681 740 tnr-

1616 767 1702 827 pia
1724 774 1996 816 exerceret
2018 767 2129 815 sine
2151 773 2292 816 metu
2315 773 2495 829 partus
2516 779 2681 816 asser·

1617 848 1713 891 tat·
1751 841 1902 892 Idm·

1680 924 1746 969 90
1776 919 1921 982 Vota]
1959 918 2198 970 Honores
2221 919 2438 969 votivos.
2479 920 2563 968 Ex
2584 932 2681 967 usn

1616 998 1795 1046 seculi.
1830 997 1979 1060 Idem.

1682 1077 1744 1121 91
1779 1073 2053 1121 §amede
2073 1071 2148 1135 re]
2199 1073 2349 1121 Statu
2388 1070 2606 1136 Imperii
2628 1077 2684 1120 et

1618 1141 1957 1213 Reipublicae.
2005 1150 2189 1213 virgil.
2215 1151 2346 1200 ιιι(
2373 1149 2513 1198 Ante
2545 1149 2687 1213 equi-

1621 1224 1737 1273 dem
1762 1239 1959 1275 snmma
1989 1225 2056 1274 de
2077 1240 2151 1274 -re
2190 1224 2454 1286 statuisse,
2492 1225 2688 1288 Latini,

1620 1304 1693 1351 Et
1721 1303 1925 1362 vellem,
1946 1309 2001 1351 et
2023 1300 2196 1352 fuerat
2219 1300 2440 1351 melius!
2475 1302 2629 1349 Ideni.

1686 1383 1750 1429 92
1786 1378 1919 1428 Huic
1935 1394 2074 1428 caras
2107 1383 2155 1427 et
2176 1367 2536 1440 clausupulatia
2558 1390 2687 1426 man-

1621 1455 1729 1518 dat]
1763 1455 1900 1503 Huic
1931 1469 2063 1503 ceras
2085 1467 2179 1517 pro
2218 1452 2422 1502 diversa
2459 1453 2686 1504 lectione

1622 1533 1815 1596 primus
1839 1532 2148 1581 Vaticanus.
2187 1531 2258 1580 D.
2284 1530 2458 1595 Heias.

1688 1614 1752 1659 93
1790 1611 1890 1658 Ceu
1921 1609 2156 1658 stabulum
2175 1622 2457 1670 romamque
2478 1604 2689 1669 maur]

1633 1685 1919 1748 Vicinumque
1962 1684 2134 1734 Delrii
2171 1683 2339 1733 codex
2386 1691 2444 1732 et
2488 1695 2690 1744 sexgex

1627 1764 1833 1813 nostris.
1867 1763 2024 1813 ovid.
2056 1763 2157 1825 Ep.
2193 1760 2491 1821 Deianirae:
2526 1762 2542 1787 ‘
2565 1758 2691 1822 Ipsa

1628 1839 1778 1889 domo
1825 1839 1978 1888 vidua
2025 1839 2160 1888 votis
2214 1844 2432 1901 operata
2487 1835 2692 1900 pudicis

1626 1916 1923 1981 Torqueor!
1954 1916 2170 1977 Statius,
2191 1912 2377 1964 Achiu.
2398 1926 2461 1962 ιι.
2494 1914 2509 1939 ‘
2531 1912 2694 1962 dilec-

1630 2001 1683 2043 ta
1704 1994 1770 2043 ad
1796 1993 1980 2042 moenia
2002 1993 2171 2042 vultus
2196 1990 2442 2039 Declinat
2462 1988 2695 2040 viduam-

1632 2085 1730 2134 que
1746 2071 1972 2126 domum.
1974 2069 1988 2092 ’
2017 2069 2177 2132 Apud
2195 2066 2469 2132 Virgilium
2492 2071 2693 2118 tamem

1629 2146 1644 2173 ⁴
1670 2145 1791 2210 Sola
1810 2144 1959 2208 domo
1972 2151 2167 2209 moeret
2189 2158 2379 2212 vacua,
2413 2142 2695 2207 stratisque

1631 2222 1822 2272 relictis
1844 2221 2103 2271 Incubatl
2138 2222 2290 2270 Idem.

1695 2300 1880 2385 Magno
1913 2299 2040 2348 tuci-i
2077 2298 2248 2359 Regna
2281 2294 2424 2358 nim]
2457 2265 2698 2357 vanitas,

1630 2374 1723 2437 ait,
1766 2374 1820 2423 in
1861 2373 2140 2424 ambitione
2172 2371 2330 2424 etiarn
2380 2384 2697 2422 summorum

1631 2452 1973 2516 hperiornm
2007 2457 2107 2514 est,
2143 2467 2261 2516 quae
2301 2450 2442 2500 nullo
2483 2450 2698 2516 negotio

1632 2530 1789 2578 etiam
1830 2543 1884 2579 a
1897 2527 2154 2577 vilissimis
2187 2527 2474 2578 hominibus
2508 2528 2698 2590 guber-

1633 2612 1843 2657 nantur.
1874 2605 2048 2655 Barth.

1697 2687 1760 2731 97
1795 2683 1997 2745 Jamque
2034 2681 2134 2733 iter
2165 2682 2218 2730 ia
2247 2681 2430 2744 penio
2455 2682 2614 2747 pacis]
2639 2680 2699 2735 Ε

1630 2757 1815 2819 gremio
1853 2757 2002 2822 prim.
2022 2757 2340 2808 Vaticanum
2367 2757 2526 2809 etiam
2548 2756 2703 2809 oise-

1635 2835 1801 2883 lianus
1820 2848 1851 2882 a
1874 2833 2232 2897 manuprima.
2269 2835 2352 2889 De
2364 2834 2551 2896 gremio
2566 2834 2706 2897 pacis

1637 2913 1755 2962 vide
1778 2914 1876 2963 hoc
1899 2914 2015 2978 loco
2032 2912 2319 2967 Barthium.
2363 2912 2435 2961 D.
2457 2911 2636 2964 Heius.

1701 2989 1846 3038 Iter
1826 3004 1878 3037 m
1894 2988 2079 3051 gremio
2095 2988 2251 3051 pacis]
2300 2986 2569 3037 Altissirna
2590 2989 2704 3055 qui-

1637 3072 1740 3117 ete.
1828 3067 1965 3116 Nam
2016 3079 2113 3129 pro
2158 3069 2336 3115 serrem
2369 3063 2704 3128 profunditate

1638 3144 1888 3208 gremium
1905 3144 2089 3194 dicunt
2109 3143 2403 3206 scriptores.
2437 3142 2620 3195 Bmln.

1700 3223 1767 3269 98
1796 3219 2034 3284 Ancyra]
2057 3218 2199 3268 Urbs
2246 3217 2706 3289 Constantinopoli

1639 3302 1837 3344 remota
1875 3295 2044 3343 millia
2090 3309 2330 3358 passuum
2373 3307 2617 3361 conxxx.
2651 3300 2706 3353 et

1636 3372 1772 3436 quod
1793 3372 2045 3433 excurrit.
2087 3372 2179 3423 ,Eo
2203 3371 2478 3421 traducere
2502 3370 2703 3423 solenni

1636 3448 1823 3497 itinere
1842 3462 2081 3512 pompam
2098 3461 2240 3499 suam
2257 3447 2465 3501 solitum
2486 3447 2703 3507 ineunte

1638 3540 1782 3589 vere,
1807 3534 1865 3576 ut
1904 3526 2108 3576 scilicet
2141 3539 2259 3575 sese
2288 3540 2529 3590 magnum
2565 3524 2706 3577 face

1637 3609 1735 3664 ret,
1759 3602 1944 3651 scribit
1966 3609 2159 3653 noster.
2194 3603 2346 3652 Idm.

1702 3682 1767 3727 99
1820 3677 2020 3739 Pelagi]
2055 3679 2138 3729 In
2182 3680 2332 3743 cujus
2380 3679 2558 3744 capite
2604 3679 2706 3729 sita

1638 3754 2126 3819 Constantinopolis.
2160 3756 2311 3805 Idem.

1704 3837 1798 3881 100
1813 3833 2115 3882 Dium-m
2124 3833 2287 3896 tems]
2311 3833 2429 3884 Non
2439 3837 2565 3883 ,atas
2580 3847 2706 3883 vere

1640 3909 1817 3973 scripti
1841 3910 2109 3958 meliores:
2164 3910 2403 3973 sequenti
2427 3923 2584 3959 versu
2610 3923 2705 3973 pro

1638 3987 1775 4049 luade
1796 3985 1952 4035 iidem
1973 3989 2090 4036 mole
2101 4003 2118 4036 .-
2135 3987 2409 4050 -quomodo
2424 3986 2706 4051 legendum

1641 4061 1693 4110 in
1718 4060 2180 4114 observationibus
2205 4062 2319 4125 jam
2346 4062 2706 4123 monuithro-

1641 4139 1833 4189 novius.
1882 4140 1993 4188 Val.
2031 4140 2266 4201 Flaccus,
2303 4140 2337 4190 1.
2377 4154 2429 4189 V.
2462 4139 2477 4167 ‘
2501 4139 2703 4202 Cernis,

1642 4217 1735 4280 ait,
1756 4212 1990 4281 Colchos,
2024 4232 2206 4280 magna
2227 4231 2356 4282 quoa
2393 4219 2529 4275 mole
2553 4226 2701 4283 peta·

1641 4294 1794 4361 mus?
1848 4295 1982 4345 Stat.
2027 4293 2198 4344 Theb.
2237 4308 2342 4345 vu.
2390 4297 2407 4324 ‘
2448 4294 2701 4361 librabat

1641 4383 1829 4438 magna
1864 4375 2136 4423 venturam
2173 4370 2313 4426 mole
2335 4420 2340 4427 ,
2364 4368 2696 4445 ουρϊβωιιωέ
