2992 4925
978 375 1077 423 na
1123 374 1364 423 nanno
1408 374 1852 425 cinnameo.
2339 355 2516 428 1405

307 516 325 547 ‘
346 525 639 581 magnoque
670 501 935 581 optaverit
959 523 1175 580 emtum,
1199 517 1376 568 Intac-

307 600 417 645 tum
441 594 723 645 Pallanta!
760 595 938 646 Barth.

368 675 467 721 24⁰
501 672 672 720 Pietas
705 670 938 735 infructu]
977 671 1226 736 contusa,
1256 688 1375 723 con·

301 746 502 808 fracta3
560 747 819 812 particula
863 749 998 797 enini
1054 757 1214 814 auget
1268 751 1371 800 vim

302 826 470 877 verbi.

367 903 604 968 Recedet]
666 902 731 953 In
777 902 947 954 vicem
999 902 1113 968 ejus
1162 905 1372 970 objecto

302 977 442 1043 odio,
466 985 827 1045 terrarumque
858 979 987 1029 orbe
1009 981 1248 1032 civilibus
1270 983 1371 1032 dis·-

301 1056 448 1107 sidiis
491 1056 740 1106 discusso.
822 1057 956 1106 Sane
998 1055 1227 1108 felicitas
1268 1058 1371 1110 fuit

217 1144 240 1160 ·
299 1133 465 1183 seculi
481 1134 825 1197 compositum
842 1132 941 1183 hoc
956 1132 1165 1185 bellum.
1188 1136 1369 1187 Barth.

367 1208 593 1271 Ivrfrocta
642 1207 854 1272 recedat]
929 1214 975 1261 A
1019 1210 1187 1271 fratre
1239 1211 1370 1261 Isin»

297 1286 433 1351 grin.
453 1286 602 1351 prior
619 1286 765 1335 Leid.
782 1285 1037 1337 Pricaean.
1054 1293 1109 1337 et
1127 1302 1254 1337 unus
1271 1288 1370 1338 Pe-

298 1371 408 1414 tav.
430 1364 586 1428 prim.
623 1362 797 1411 vatic.
831 1376 949 1411 cum
973 1362 1156 1413 decem
1180 1364 1338 1413 aliis
1318 1380 1389 1424 ιιι,

283 1439 711 1501 frutretsrutema
727 1436 1056 1487 scribendum
1074 1447 1218 1503 puto.
1240 1442 1370 1491 Bar-

297 1518 440 1569 thius
482 1518 745 1582 vulgatam
790 1517 1114 1582 scripturam
1169 1527 1368 1571 tuetur.

294 1596 368 1646 D.
390 1596 565 1647 Heius.

362 1676 462 1723 241
501 1672 564 1722 Ιιι
581 1672 739 1737 primo
767 1672 1008 1736 genitore]
1065 1673 1371 1738 Considera,

294 1749 485 1814 inquit,
522 1749 730 1813 merita,
765 1749 876 1799 sive
914 1751 1156 1815 virtutes,
1187 1752 1368 1803 Gildo-

292 1826 373 1875 nis
395 1840 413 1876 z
446 1826 504 1874 in
528 1839 610 1875 me
628 1827 869 1891 primum,
887 1834 1104 1891 parente
1124 1835 1236 1880 tuo.
1271 1831 1370 1879 Lo-

294 1901 473 1967 quitur
496 1901 688 1952 bellum
711 1904 868 1954 civile
904 1920 1022 1956 cum
1060 1906 1291 1957 Maximo
1312 1914 1369 1958 et

291 1977 530 2043 Victore,
588 1978 775 2044 insigni
838 1982 1040 2033 virtute
1092 1981 1371 2035 Theodosii

292 2054 616 2107 confectum.
648 2057 832 2109 Barth.

353 2136 458 2183 242
493 2133 786 2199 Diseidium]
817 2135 1092 2187 Discidium
1134 2138 1235 2201 pri.
1255 2138 1358 2187 Va·

290 2206 453 2257 tican.
490 2208 681 2275 aliique
719 2212 964 2276 plurimi:
1022 2214 1130 2262 sed*
1157 2213 1367 2265 frustra.

292 2286 450 2350 paulo
487 2295 612 2336 ante
644 2289 931 2354 habuimus,
960 2290 1211 2342 ‘mundus
1250 2308 1367 2358 ger·

291 2377 552 2428 manaque
573 2363 792 2413 dissidet
816 2368 952 2414 aula.
954 2367 968 2385 '
1002 2369 1077 2415 D
1091 2369 1266 2417 Heius.

355 2438 459 2489 Sub
484 2439 613 2506 icta]
633 2440 803 2491 Sertis
819 2441 1076 2493 nimirum.
1143 2443 1365 2493 Locutio

290 2517 665 2581 proverbialis:
699 2519 809 2569 Sub
830 2534 934 2570 une
973 2519 1086 2570 ictu
1123 2534 1236 2570 esse
1259 2535 1364 2570 om-

289 2594 392 2646 nia.
459 2595 609 2646 Ictus
632 2597 767 2647 enim
792 2598 964 2648 subita
998 2604 1054 2649 et
1087 2598 1366 2663 improvisa

288 2672 575 2735 percussio.
614 2674 790 2725 Barth.

370 2755 470 2800 245
509 2752 707 2801 Auxilio
735 2752 908 2813 fanen
952 2752 1119 2817 Geta]
1185 2754 1365 2803 Favere

178 2820 185 2825 ’
290 2825 418 2878 Ald.
437 2834 496 2879 et
517 2829 703 2893 scripti
726 2830 926 2895 aliquot
946 2845 1064 2880 cum
1088 2831 1240 2895 prim.
1261 2832 1364 2882 Va·

288 2905 376 2955 tic.
414 2906 611 2957 Lucan.
635 2908 650 2935 ‘
671 2907 820 2956 Votis
837 2914 928 2958 tua
945 2906 1166 2958 fovimus
1186 2909 1362 2961 arma.’

291 2978 545 3031 Bartbius
563 2989 739 3033 tamen
759 2998 855 3047 pro
875 2983 1086 3049 vulgata
1107 2986 1364 3050 scriptura

286 3058 636 3121 digladiatur:
673 3061 926 3123 superiori
954 3075 1124 3120 versu,
1146 3063 1229 3126 qai
1269 3077 1363 3112 non

286 3135 476 3195 οιϋιιυίἐ
498 3150 631 3185 unus
653 3137 847 3186 Medic.
887 3138 1143 3187 concinne
1170 3153 1185 3188 ι
1223 3145 1281 3188 ut
1303 3148 1361 3189 et

289 3211 598 3262 Palatinnsz
633 3219 847 3276 egentem
868 3214 1048 3263 auxilio
1085 3222 1364 3279 praeterea‚

286 3304 386 3341 non
404 3296 612 3356 mem,
629 3307 760 3342 unus
776 3292 1020 3344 Ambros.
1045 3294 1188 3342 Naso
1202 3294 1360 3345 Trist.

287 3379 327 3415 ι.
346 3366 429 3418 ΕΙ.
454 3380 533 3418 tv.
567 3368 585 3395 ‘
601 3370 770 3419 Causa
798 3384 916 3418 mea
939 3376 1021 3419 est
1041 3371 1245 3432 melior,
1267 3372 1357 3435 qui

287 3450 387 3494 non
409 3445 676 3495 contraria
708 3444 813 3494 fovi
847 3445 1045 3494 Arma?
1079 3446 1150 3495 D.
1183 3446 1358 3497 Heius.

346 3525 448 3572 24⁷
487 3521 733 3572 F'luitunu
763 3521 896 3588 fide]
951 3520 1229 3588 Ambigua,
1281 3524 1356 3572 in.-

288 3599 482 3650 stabili.
523 3600 707 3651 Barth.

349 3676 412 3727 Si
432 3678 577 3740 signa
592 3676 818 3741 petisset]
857 3677 1061 3726 Tatisset
1082 3677 1186 3726 duo
1209 3677 1354 3729 Med.

287 3759 342 3802 et
373 3753 552 3803 Palat.
589 3760 649 3803 ut
680 3754 770 3803 lib.
811 3767 874 3803 11.
915 3754 981 3803 de
1024 3755 1182 3819 Rapt.
1214 3755 1355 3817 signa

286 3827 625 3879 Madoersu
661 3830 782 3879 tali.-
819 3845 940 3879 mox
970 3832 1151 3880 detecto
1178 3833 1353 3894 legen·

286 3902 409 3955 dum
426 3920 548 3955 cum
565 3905 799 3955 omnibus
820 3906 1048 3970 scriptia.
1082 3906 1179 3955 nisi
1214 3908 1353 3971 quod

282 3981 484 4044 primus
527 3982 816 4032 Vaticanus
858 3982 1070 4042 defecto.-
1120 3984 1218 4034 hoc
1256 3993 1357 4047 est,

284 4055 643 4109 defectionem
664 4060 875 4108 molito:
914 4061 1080 4109 minus
1103 4060 1353 4123 dolerem,

283 4135 335 4185 si
353 4136 525 4199 palam
549 4150 581 4184 a
616 4152 698 4185 me
732 4134 1030 4200 defecisset,
1062 4152 1225 4202 seque
1244 4140 1354 4188 hos-

283 4216 398 4264 tem
418 4228 594 4265 meum
613 4223 751 4265 esset
791 4215 1072 4283 professus.
1107 4216 1350 4280 Isingrin.

282 4287 510 4349 &eme
558 4290 614 4339 in
655 4290 925 4340 Oiseliano
957 4291 1115 4341 etiam
1153 4292 1353 4353 defecto.

278 4360 676 4434 napaei-sagius
709 4367 951 4420 nemum
977 4375 1183 4420 secutus
1209 4369 1356 4431 deiec-

1447 521 1529 567 to:
1573 515 1784 568 frustra.
1870 516 2011 568 Nihil
2042 513 2128 566 hic
2171 514 2512 572 difficultatis.

1448 595 1737 644 Detectnm
1755 596 1954 645 hostem
1969 599 2123 644 vocat
2140 601 2396 657 apertum,
2407 607 2514 644 non

1448 673 1746 722 occultum.
1806 687 1904 722 nec
1949 671 2294 721 damnandum
2333 671 2394 719 τὸ
2430 673 2512 721 de-

1433 748 1587 810 fecto.
1626 752 1695 801 D.
1719 751 1904 802 Heius.

1436 863 1443 866 -
1511 831 1611 876 248
1649 827 1825 891 Obvia]
1862 827 2151 877 Contraria.
2185 826 2374 877 Barth.

1516 903 1670 954 Obvia
1688 906 1893 969 dareta]
1927 891 2054 954 ‘Hoc
2092 905 2270 954 dicere
2306 903 2510 953 voluit:

1446 982 1522 1044 Si,
1539 981 1817 1031 debellatis
1855 980 2109 1043 hostibus,
2148 980 2353 1030 obviam
2389 980 2512 1029 milii

1440 1073 1772 1123 progressus,
1802 1064 2002 1123 gratam
2024 1058 2125 1108 sibi
2163 1071 2326 1107 meam
2351 1057 2512 1107 vieto·-

1444 1136 1572 1185 riam
1604 1135 1763 1186 fuisse
1803 1135 2176 1207 significassem
2222 1135 2404 1183 minus
2433 1134 2510 1183 im

1434 1226 1820 1266 succenserent.
1869 1214 2008 1265 Quid
2031 1198 2387 1276 subaudiatur,
2420 1226 2509 1261 ue-

1444 1305 1528 1340 mo
1549 1305 1652 1340 non
1694 1291 1851 1358 videt.
1884 1292 2073 1342 Deli-io.

1508 1372 1608 1418 249
1639 1370 1859 1432 Restitit,
1899 1369 2007 1434 &ct-J
2054 1367 2288 1419 Medium
2324 1382 2380 1417 se
2422 1382 2510 1432 ge·
2576 1396 2580 1400 -

1444 1444 1627 1507 tendo,
1648 1454 1709 1495 ut
1731 1447 1806 1496 ait
1840 1447 2038 1509 Livius,
2073 1445 2189 1495 haec
2224 1445 2381 1494 illave
2419 1444 2508 1493 de-

1434 1519 1702 1585 fensurus,
1724 1531 1882 1588 prout
1926 1522 2277 1572 invaluissent.
2345 1520 2510 1570 Arma

1446 1606 1630 1662 aperta
1650 1602 1822 1664 palam
1844 1601 1997 1662 vites,
2014 1600 2089 1650 ait
2108 1599 2346 1659 Tacitus,
2363 1596 2508 1647 fraus

1444 1681 1501 1724 et
1519 1675 1667 1725 dolus
1710 1677 1936 1740 occulta,
1960 1691 2125 1742 eoque
2166 1675 2507 1727 inevitabilia.

1447 1751 1638 1802 clover.

1510 1827 1574 1877 Ιιι
1623 1828 1826 1892 speculis
1867 1826 1998 1891 feti]
2074 1825 2506 1892 speculabundus

1443 1905 1747 1967 Fortunam,
1770 1911 1827 1954 et
1846 1906 1912 1954 ad
1934 1900 2046 1968 ejus
2067 1911 2331 1954 momenta
2349 1904 2507 1954 fidem

1441 1982 1736 2033 collibrans.
1802 1983 2002 2033 Natum
2023 1995 2054 2031 a
2073 1978 2507 2046 speculatoribus,

1442 2060 1531 2124 qni
1557 2059 1685 2109 locis
1726 2060 1854 2109 tutis
1890 2065 1946 2108 et
1968 2059 2089 2108 altis
2111 2058 2350 2121 dispositi
2383 2072 2510 2107 nun·

1438 2135 1655 2185 ciebant
1678 2135 2040 2186 advenientem
2063 2136 2281 2185 bostem.
2326 2135 2505 2186 Barth.

1505 2216 1605 2264 250
1638 2212 1860 2263 Librooit
1895 2211 2112 2275 geminas
2152 2215 2321 2261 eumn
2338 2210 2507 2270 judice

1436 2289 1587 2353 vires]
1640 2291 1758 2342 Quo
1794 2288 2004 2341 fortuna
2033 2290 2277 2354 partium,
2319 2288 2504 2380 eodem

1438 2368 1555 2431 ejus
1585 2368 1872 2419 inclinabat
1893 2367 2060 2418 favor.
2095 2368 2243 2419 Idem.

1504 2449 1601 2493 251
1636 2447 1716 2493 Aa
1729 2460 1889 2494 rerum
1908 2444 2165 2507 momenta]
2183 2443 2341 2493 Libra
2365 2442 2507 2491 velut

1440 2526 1718 2583 praesente.
1784 2520 2046 2583 Momm,
2087 2525 2245 2569 nutus
2277 2524 2336 2568 et
2358 2530 2506 2567 renu-

1439 2603 1544 2647 tus.
1578 2595 1727 2647 Idem.

1508 2677 1605 2723 252
1639 2674 1858 2724 Fortuna
1896 2675 2039 2723 simul
2080 2688 2188 2722 σιιιιι
2224 2673 2392 2723 Marte
2426 2687 2508 2736 peu

1432 2748 1625 2814 peredit]
1668 2749 1896 2803 Martem
1931 2749 2068 2798 enim
2106 2749 2369 2807 Fortunae,
2403 2748 2504 2798 boc

1438 2834 1540 2890 est,
1575 2828 1791 2877 consilia
1823 2842 1915 2876 sua
1936 2826 2147 2877 eventui
2177 2831 2303 2890 apta
2323 2826 2506 2875 habuit

1438 2905 1617 2968 Gildo,
1651 2915 1711 2959 ut
1753 2906 2130 2956 sermocinatur
2167 2905 2501 2954 Theodosius.

1438 2984 1638 3034 Noster
1660 2984 1828 3034 codex
1861 2984 2020 3033 etiam
2060 2983 2368 3033 erectiorem
2390 2997 2504 3031 sen-

1437 3061 1655 3111 tentiam
1674 3060 1909 3124 praefert,
1927 3061 1980 3109 in
1998 3061 2110 3110 haec
2123 3060 2314 3110 verba:
2351 3062 2367 3089 ⁴
2382 3061 2502 3109 Vic-

1438 3139 1573 3200 tori;
1607 3153 1725 3191 cum
1748 3140 1923 3188 Marte
1961 3138 2111 3188 simul
2143 3136 2374 3187 Fortuna
2411 3151 2501 3199 pe·

1436 3215 1659 3279 pendit!
1723 3217 1843 3268 Qua
1863 3216 2135 3265 verborum
2158 3211 2500 3263 collocatione

1434 3292 1592 3342 etiam
1626 3293 1848 3342 lucidior
1874 3292 2149 3341 sententia.
2213 3290 2499 3339 Fortunam

1432 3383 1577 3419 suam
1621 3370 1787 3420 Marti
1827 3370 1981 3419 dubio
2025 3367 2343 3433 applicavit;
2395 3366 2497 3416 hoc

1432 3456 1535 3510 est,
1567 3445 1711 3510 fidei,
1747 3462 1901 3512 quam
1934 3445 2060 3494 mihi
2081 3441 2327 3504 debebat,
2348 3440 2502 3490 ratio·

1430 3534 1550 3572 nem
1574 3537 1779 3586 prorsus
1802 3523 1991 3571 nullam
2013 3519 2212 3568 habuit.
2245 3516 2397 3567 Idem.

1495 3599 1656 3648 Simul
1696 3614 1800 3648 cum
1832 3598 1999 3647 Morte
2030 3592 2274 3659 pependit]
2329 3593 2500 3643 Mente

1406 3674 1650 3741 'Gyrald.
1690 3683 1746 3726 et
1788 3690 1880 3725 sex
1924 3674 2012 3723 alii
2062 3687 2179 3722 cum
2234 3670 2501 3734 excerptis

1430 3753 1707 3818 Pomponii
1762 3753 2003 3802 vatican.
2082 3748 2222 3815 quod
2280 3748 2498 3797 damnat

1429 3830 1694 3880 Bartbins.
1738 3832 1874 3893 prior
1910 3844 2016 3877 cum
2047 3831 2201 3876 mente
2247 3824 2496 3875 Mazarin.

1428 3909 1559 3958 Mox
1597 3908 1709 3957 Etsi
1726 3922 1822 3977 pro
1866 3908 1977 3956 Osi
2009 3907 2149 3955 idem
2189 3904 2405 3969 Gyrald.
2439 3911 2500 3954 et

1429 3984 1723 4034 octodecim
1777 4000 1845 4035 ex
1914 3985 2137 4033 nostris:
2192 3995 2253 4032 ac
2310 3982 2494 4045 primae

1431 4061 1566 4112 Edd.
1626 4063 1890 4127 Excerpta
1935 4062 2058 4111 Put.
2122 4060 2194 4109 At
2230 4059 2294 4109 si.
2334 4059 2497 4108 Forte
2605 4044 2610 4049 ”

1431 4137 1570 4193 Quod
1585 4138 1647 4187 si.
1673 4153 1788 4189 nam
1809 4145 2025 4204 quartus
2047 4137 2287 4186 Vatican.
2349 4135 2418 4185 Ut
2435 4135 2497 4186 si.

1427 4214 1495 4265 D.
1519 4216 1702 4265 Heius.

1493 4295 1590 4340 253
1634 4291 1833 4355 cupidis
1853 4288 2019 4352 astris]
2054 4289 2139 4339 Sic
2161 4286 2499 4337 blandiuntur

1428 4365 1765 4435 Principibus
1788 4367 1892 4418 suis
1908 4366 2126 4418 Poetaez
2160 4362 2414 4416 Horatius
2423 4362 2497 4412 ad
