2992 4925
786 374 886 427 1³13
933 374 1187 427 RAPTU
1232 374 1725 429 PRQSRRPINAE.
1773 376 1922 427 un.
1967 376 2051 427 ΙΙ.

312 520 407 584 lib,
418 533 542 591 xvt.
586 519 602 548 ‘
623 520 988 589 impiustignis
1022 521 1285 586 Dissiluit,
1308 521 1381 572 ci-

313 614 575 665 neresque
616 599 765 649 simul
810 598 1037 663 jacuisse
1086 597 1379 663 negarunt.'

313 677 533 748 Statius,
567 677 730 745 Theb.
754 689 877 725 vm.
915 676 980 724 de
1017 672 1217 724 fluviis:
1243 676 1258 703 ‘
1282 674 1380 725 sibi

311 755 533 820 quisque
554 752 808 818 *superbus
824 752 911 801 Ire
930 752 1096 815 cupit,
1116 758 1378 817 pontoque

309 836 511 897 negant
531 826 850 879 descendere
871 825 1019 876 mixti
1038 822 1071 876 :’
1110 828 1186 877 sic
1212 834 1267 878 et
1290 826 1378 878 alii

310 908 524 972 passim.
558 907 628 957 D.
652 905 827 956 Heius.
870 952 875 959 ,

336 1028 347 1035 ,
379 988 477 1034 182
511 981 771 1042 Tuucsorti
785 981 970 1032 saucius
987 979 1107 1044 ictu]
1146 981 1236 1032 Ter
1248 997 1378 1033 unus

309 1056 460 1110 Med.
484 1065 547 1111 et,
563 1058 831 1109 Puteauea
847 1064 1109 1122 excerpta.
1140 1058 1289 1109 Idem.

376 1140 475 1186 184
507 1136 773 1199 Fractaque
804 1134 985 1205 meatu]
1036 1133 1177 1185 Cave
1196 1135 1376 1186 audias

308 1214 661 1275 membranae,
681 1213 939 1279 inquibus
950 1212 1105 1273 sacto.
1153 1213 1376 1264 Severus

307 1291 362 1351 in
387 1290 546 1343 AEtna
566 1307 578 1340 ε
603 1291 618 1318 ‘
637 1289 898 1356 Quicquid
915 1291 970 1339 in
987 1290 1251 1356 obliquum
1273 1298 1374 1356 est,

307 1367 562 1432 frangunt
580 1368 698 1417 iter.
702 1366 717 1389 '
753 1368 907 1418 Idem.
1024 1416 1039 1425 ,

318 1506 327 1513 ,
377 1449 472 1497 185
508 1444 1094 1509 Reddunturfluviusque]
1142 1446 1375 1510 Nonflu-

305 1521 489 1586 viique,
508 1521 739 1570 codices.
782 1521 931 1572 Idem.

377 1602 475 1649 186
513 1597 687 1661 Manu]
741 1597 827 1661 vi,
874 1596 1078 1661 robore,
1121 1584 1373 1667 potentia.

307 1675 496 1725 Barth.

376 1755 471 1800 187
506 1750 688 1814 niatu]
759 1749 945 1801 Cicero
984 1751 1060 1802 ait
1095 1752 1238 1802 circa
1272 1753 1376 1803 En-

306 1842 429 1879 uam
472 1828 770 1891 speluncam
805 1827 943 1877 tradi
976 1827 1180 1878 infinita
1203 1831 1377 1880 altitu·

307 1904 434 1954 dine
468 1904 533 1953 ad
562 1902 1239 1970 Aquilonemconversam,
1274 1922 1376 1975 qua

307 1982 494 2045 Ditem
517 1980 693 2033 ferunt
731 1997 846 2033 cum
887 1997 1037 2033 curru
1060 1983 1375 2051 ascendisse,

304 2059 386 2109 ita
409 2066 470 2110 ut
491 2059 663 2108 subito
703 2074 805 2109 non
840 2059 994 2124 longe
1038 2075 1069 2109 a
1104 2060 1374 2124 Syracusis

303 2135 404 2191 sub
425 2143 592 2186 terras
616 2137 919 2201 penetrarit.
964 2137 1149 2188 Clarer.

376 2217 474 2263 189
506 2214 754 2264 Mutavere
771 2213 926 2279 fidem
946 2230 962 2262 .·
1006 2215 1153 2263 vetito
1188 2227 1239 2264 se
1265 2228 1374 2277 pro-

303 2291 398 2351 luit
435 2291 608 2341 Arctos
636 2289 868 2355 AEquore]
894 2347 901 2357 1
923 2291 1044 2340 Hoc
1082 2296 1187 2353 est,
1230 2297 1375 2340 tanta

302 2366 743 2437 {erammutatio
786 2363 946 2429 sacta,
979 2373 1037 2416 ut
1079 2365 1166 2414 illa
1202 2366 1374 2415 sidera

302 2442 530 2514 polaria,
565 2458 678 2509 quae
701 2443 844 2508 prius
878 2458 1088 2509 aequore
1113 2443 1244 2508 tingi
1268 2458 1371 2493 me-

304 2520 547 2582 tuebant,
589 2517 786 2570 affatim
822 2521 976 2571 maris
1003 2537 1137 2587 aqua
1155 2535 1210 2569 se
1231 2522 1372 2571 lave

303 2597 429 2648 rint.
452 2596 591 2650 idem
609 2597 761 2662 poeta
782 2598 833 2647 in
849 2598 1057 2648 Serenae
1074 2597 1371 2647 laudatione

304 2673 616 2738 Hispaniam
641 2673 973 2738 ἐγκωμιάζωνι
1007 2676 1023 2703 ⁴
1046 2676 1213 2740 primo
1227 2675 1372 2725 lavat

307 2765 520 2816 aequore
538 2752 706 2801 Solem
729 2751 910 2801 India:
936 2757 994 2801 tu
1006 2749 1166 2800 fessos
1184 2758 1372 2800 exacta

302 2828 427 2878 luce
445 2827 651 2893 jugales
671 2827 912 2889 Proluis,'
929 2832 1028 2881 dcc.
1061 2828 1213 2879 India
1225 2830 1372 2893 lavat,

304 2904 399 2970 sed
424 2906 684 2969 Hispania
698 2906 898 2970 proluit,
919 2905 1059 2970 quod
1090 2906 1243 2969 longe
1265 2921 1371 2955 ma·

289 2983 403 3050 jus.
442 2982 646 3033 Casani).

373 3064 471 3109 190
505 3060 735 3125 Pigrum]
784 3057 834 3109 A
866 3059 1093 3110 moribus
1118 3058 1369 3123 plaustra-

302 3136 519 3190 riorum.
553 3138 729 3187 Barth.

375 3217 470 3264 193
508 3213 729 3276 Caligine
742 3212 897 3278 pasci]
952 3212 1218 3277 Ferrugine
1238 3229 1371 3263 unus

301 3289 498 3344 PetaV.
532 3290 601 3340 D.
628 3290 823 3342 Heius..
1296 3349 1303 3358 ‚

314 3357 319 3362 ⁶
373 3371 472 3416 196
512 3367 742 3428 Pugnant
795 3373 975 3418 temone
1023 3369 1224 3433 reverti]
1284 3369 1370 3421 Sic

302 3442 488 3507 primae
506 3442 624 3492 edd.
649 3450 703 3491 et
726 3459 869 3493 meus
889 3443 1054 3495 liber:
1079 3445 1166 3495 alii
1186 3451 1370 3496 certant

300 3520 391 3584 yel
431 3523 631 3569 tentant.
667 3519 825 3570 ovid.
864 3521 997 3570 Met.
1030 3535 1082 3570 V.
1129 3521 1370 3571 ‘Nititur

298 3595 392 3646 ille
413 3595 620 3661 quidem
647 3602 946 3662 pugnatque
978 3611 1252 3662 resurgere
1275 3613 1368 3648 sae-

301 3687 373 3738 pe
392 3672 428 3723 :⁹
464 3688 579 3738 quae
623 3688 745 3722 vera
787 3674 959 3723 lectio.
995 3674 1135 3723 Fast.
1159 3689 1223 3725 n.
1261 3674 1370 3724 ‘Et

298 3750 472 3800 solida
512 3764 678 3799 ramos
720 3748 882 3814 figere
926 3759 1126 3815 pugnat
1179 3750 1371 3803 humoss.

299 3825 502 3888 Statius
527 3824 695 3875 Theb.
715 3840 788 3876 vr.
821 3826 835 3853 ‘
858 3834 1093 3891 pugnant
1115 3823 1257 3888 exire
1281 3844 1367 3893 pa·

300 3909 535 3974 yentque
551 3902 585 3953 ε’
619 3909 678 3954 et
696 3903 951 3966 apposite,
965 3904 1131 3954 Theb.
1150 3919 1222 3956 ιν.
1248 3906 1263 3933 ‘
1282 3906 1369 3970 Ip-

300 3995 360 4036 se
384 3980 597 4052 quidem
634 3980 814 4030 mallet
850 3987 1033 4044 terras,
1066 3989 1370 4048 pugnatque

303 4055 540 4108 reverti)
568 4056 719 4108 Idem.

370 4138 468 4184 198
494 4132 784 4200 ‚Torrentius
802 4148 938 4183 amne
965 4133 1203 4200 Hiberico]
1254 4135 1372 4186 Sta-

303 4210 410 4262 tius
429 4209 524 4260 lib.
548 4223 624 4259 vr.
655 4210 671 4274 ‘.
693 4205 947 4259 Amnibus
961 4210 1188 4269 hibernis
1205 4213 1371 4265 minor

306 4292 407 4353 est,
430 4276 594 4336 minor
615 4283 841 4350 impetus
859 4283 1001 4349 igni!
1037 4286 1215 4339 Barth.

2351 364 2532 455 16⁵5,

1530 520 1803 593 Torrentius
1817 523 1973 591 amne]
2003 520 2278 583 Confer-am
2300 538 2528 595 summos

1458 599 1653 651 Poetae
1675 599 1741 649 de
1765 600 1937 664 palma
1960 605 2224 653 certantes
2255 601 2309 653 in
2340 603 2524 653 celeri-

1459 680 1571 724 tate
1627 674 1993 726 describenda.
2060 677 2193 726 Stat.
2236 690 2315 729 v1.
2363 680 2525 733 Theb.

1454 751 1472 780 ‘
1495 768 1610 817 quae
1635 760 1836 801 tantum
1858 752 2034 803 nubila
2060 754 2210 819 coelo,
2231 754 2362 808 Quae
2382 756 2523 809 bello

1457 829 1534 881 sic
1558 829 1665 892 pila
1689 828 1880 892 volant,
1901 843 2027 893 ,quae
2069 830 2285 880 carbasa
2319 838 2480 896 ponto
2502 833 2526 898 ἢ

1454 903 1706 955 Amnibus
1750 906 1979 955 hibernis
2014 906 2183 957 minor
2209 915 2327 977 est,
2357 909 2525 960 minor

1455 983 1682 1047 impetus
1730 985 1854 1048 igni,
1893 985 2108 1036 Tardius
2129 994 2275 1038 ostra
2293 988 2523 1053 cadunt,’

1454 1064 1553 1111 ὅτε.
1618 1059 1723 1110 Sed
1747 1062 1890 1110 illum
1914 1064 2105 1124 premit
2125 1064 2283 1115 Ovid.
2304 1065 2524 1118 Metam.

1454 1150 1511 1187 x.
1552 1136 1682 1188 Fab.
1727 1142 1805 1191 ll.
1839 1138 1976 1188 hunc
2006 1140 2160 1191 Maro
2189 1141 2394 1192 AEneid.
2416 1155 2522 1209 vu.

1452 1214 1507 1263 iu
1529 1213 1649 1278 fine,
1674 1230 1823 1279 quem
1855 1221 2033 1264 noster
2072 1217 2236 1281 longis
2276 1234 2520 1283 parasan-

1454 1290 1554 1355 giS,
1592 1290 1748 1340 etiam
1790 1289 1969 1339 iisdem
2013 1293 2186 1342 verbis
2238 1302 2524 1363 exsuperat

1453 1366 1520 1416 de
1544 1381 1630 1418 ιιι.
1655 1364 1876 1416 Honorii
1899 1369 2109 1419 Consul.
2132 1368 2252 1420 fine.
2302 1370 2527 1441 Confer,

1453 1450 1511 1493 et
1549 1458 1630 1493 me
1675 1443 2013 1508 impudentiae
2047 1434 2225 1510 argue,
2259 1447 2311 1496 ni
2334 1447 2410 1498 ita
2434 1446 2525 1500 sit.

1453 1522 1729 1586 Dempster.
1769 1518 1786 1531 ⁰

1517 1603 1612 1648 201
1648 1598 1880 1651 Sollicitoe
1903 1599 2095 1663 mentis]
2130 1598 2520 1670 Cogitationum

1452 1664 1780 1725 celeritatem
1827 1690 1937 1724 rem
1982 1691 2205 1727 omnium
2259 1678 2520 1727 velocissi-

1452 1768 1587 1801 mam
1603 1751 1972 1815 scivit'l'haleS,
1989 1757 2123 1802 teste
2141 1752 2353 1802 Laertio
2367 1753 2461 1803 lib.
2479 1768 2519 1805 1.

1454 1828 1603 1878 Idem
1630 1828 1812 1887 Claud.
1851 1828 1867 1856 ‘
1886 1789 1992 1879 Pr’o
2026 1820 2130 1879 telo
2155 1832 2352 1894 geritur
2373 1831 2518 1897 quic-

1452 1904 1575 1971 quid
1623 1905 1938 1969 suggesserit
1976 1905 2104 1955 ira:'
2161 1905 2321 1971 Apud
2363 1907 2521 1960 Hom.

1453 1987 1575 2032 sunt
1598 1979 1713 2031 ἔπεα
1731 1979 2004 2046 πτερόεντα.
2037 1983 2216 2031 Barth.
2275 2046 2282 2051 Ι

1518 2059 1763 2109 Discurrit
1783 2060 1997 2123 acumen]
2051 2057 2235 2107 Malim
2257 2059 2515 2110 discurrat.

1450 2136 1522 2185 D.
1548 2134 1734 2184 Heius.

1514 2215 1611 2260 202
1661 2209 1927 2275 Sanguine]
1981 2209 2119 2262 Quia
2158 2208 2516 2262 reluctandum

1449 2293 1533 2337 est
1554 2287 1860 2351 impetuosis
1883 2285 2066 2351 fraeno,
2091 2287 2384 2351 sanguineis
2402 2302 2518 2352 spu-

1449 2365 1542 2414 mis
1557 2364 1685 2414 dicit
1701 2362 1868 2413 fraena
1881 2363 2181 2413 decolorata
2190 2358 2377 2414 fuisse.‘
2388 2362 2519 2413 Bar·

1447 2442 1590 2492 thius.

1456 2579 1467 2586 ,
1513 2522 1609 2568 204
1665 2518 1951 2583 Diffugiunt
1996 2511 2258 2584 Nymplue]
2321 2520 2516 2569 Versus

1448 2611 1558 2646 rem
1583 2594 1802 2645 mirifice
1822 2594 2136 2658 exprimens,
2172 2595 2323 2644 Idem.

1510 2678 1606 2722 205
1646 2670 1907 2734 Gorgonis]
1944 2671 2190 2733 Gorgonos
2205 2669 2407 2734 scripti.
2440 2669 2512 2719 D.

1446 2750 1617 2800 Heius.

1464 2827 1607 2888 206
1644 2821 1825 2886 Cornu]
1857 2822 2018 2890 Arcu.
2051 2822 2225 2872 Barth.

1510 2905 1610 2951 209
1644 2902 1734 2950 Ille
1770 2896 1921 2960 velut]
1967 2899 2088 2947 Prae
2113 2898 2320 2948 caeteris
2342 2899 2514 2949 excel·

1443 2977 1573 3027 lens.
1609 2976 1757 3025 Idem.

1509 3057 1607 3103 210
1641 3054 1924 3114 Nudataque
1942 3049 2143 3113 viscera]
2178 3049 2380 3099 Pectora
2401 3051 2516 3102 vul«

1445 3133 1582 3198 gati:
1620 3130 1774 3194 paulo
1812 3132 1932 3176 ante
1971 3125 2171 3176 frustra
2211 3125 2401 3175 vetusti
2426 3141 2512 3176 co-

1445 3207 1589 3258 dices
1605 3208 1698 3256 telo
1716 3219 1809 3269 pro
1825 3219 1966 3254 cornu
1978 3219 1997 3262 ‚-
2030 3217 2188 3266 supra
2201 3201 2290 3253 lib.
2307 3217 2343 3252 1.
2363 3204 2378 3231 ‘
2393 3203 2515 3253 Pal·

1441 3285 1523 3335 las
1547 3291 1602 3335 et
1626 3281 1816 3333 inflexo
1835 3279 1949 3347 qua}
1970 3287 2135 3331 terret
2153 3281 2381 3330 Maenala
2398 3296 2513 3331 cor·

1443 3361 1549 3412 nu!
1617 3359 1776 3411 Ovid.
1813 3360 1983 3423 Epist.
2022 3357 2297 3407 Phaedrae=
2352 3357 2510 3409 ‘Jam

1442 3437 1569 3487 mihi
1593 3436 1757 3501 prima
1793 3434 1890 3484 dea
1929 3441 2008 3483 est
2046 3448 2205 3483 cornu
2237 3434 2514 3500 praesignis

1445 3516 1648 3565 adunco
1672 3512 1830 3563 Delia
1848 3515 1880 3560 :’
1910 3511 1983 3560 sic
2020 3517 2172 3559 vetus
2213 3509 2368 3573 liber,
2403 3523 2511 3560 non

1443 3581 1576 3640 orcu.
1613 3590 1683 3639 D.
1706 3587 1888 3642 Heius.

1508 3671 1604 3717 213
1646 3665 1774 3716 Viles
1793 3661 1911 3725 iras]
1941 3659 2509 3733 Velutviliores,quam

1443 3761 1571 3813 quas
1596 3741 1870 3793 attendere
1894 3738 2071 3804 possit.
2102 3737 2280 3789 Barth.

1510 3823 1764 3874 Pastorum
1784 3817 1982 3881 despicit
2016 3815 2138 3879 iras]
2189 3815 2411 3868 Putean.
2434 3794 2513 3867 de·

1441 3905 1591 3970 spuit.
1628 3916 1704 3951 lv.
1727 3901 1882 3951 Cous.
1922 3897 2059 3947 Hon.
2091 3897 2381 3963 ‘Torquati
2419 3896 2511 3946 de-

1445 3996 1578 4048 spue
1605 3992 1790 4029 mores.
1794 3976 1810 4001 ’
1876 3976 2117 4040 Respuere
2147 3981 2202 4025 et
2222 3976 2444 4039 despuere
2479 3989 2513 4023 a

1445 4056 1630 4107 Poetis
1654 4054 1896 4104 videntur
1920 4049 2203 4103 confundit
2253 4052 2325 4099 sic
2347 4065 2512 4114 respu-

1444 4149 1522 4185 ere
1540 4146 1698 4199 preces
1727 4137 1784 4182 et
1819 4132 2058 4194 despuere,
2084 4128 2386 4193 similiaque.
2426 4141 2509 4178 xv.

1447 4199 1603 4265 Cous.
1622 4209 1764 4261 Hou.
1795 4207 1970 4257 ‘alter
1988 4210 2253 4272 praecepta
2276 4203 2508 4254 vocantis

1444 4275 1704 4356 Respuit.
1758 4286 1912 4338 Cous.
1936 4280 2196 4348 Manlii‚‘
2219 4280 2332 4348 quis
2352 4280 2510 4346 insig-
