2992 4925
477 366 654 434 1382

462 525 809 578 .semiorbiam
851 524 1079 590 speciem
1121 522 1350 574 curvatis
1391 523 1547 587 junc-

481 602 685 668 tisque?
719 602 1015 666 Anacreon,
1034 603 1140 654 od.
1158 615 1365 670 xxvng.
1386 602 1451 652 Τὸ
1465 620 1548 662 με·

478 679 687 743 σόφρυον
707 677 759 728 δὲ
778 678 845 740 μὴ
861 679 942 741 μοὶ
968 676 1225 729 Audurus-rs
1243 679 1366 741 μήτε
1383 679 1545 743 pirre.

484 771 636 823 quem
655 758 823 806 locum
842 758 1053 819 egregie
1069 757 1331 807 illustrant
1345 772 1461 822 quae
1480 772 1549 810 ex

483 832 775 884 Claudiano
813 839 870 884 et
909 833 1164 883 Petronio
1200 833 1311 897 jam
1354 833 1546 893 attuli;

484 925 606 960 nam
628 910 891 961 Henricus
926 910 1220 974 Stephanus
1257 911 1309 959 in
1347 910 1455 973 ejus
1479 911 1553 961 iu-

486 987 869 1052 terpretatione
922 989 1138 1058 multum
1193 992 1399 1037 aestuat.
1480 988 1552 1042 D.

490 1064 669 1115 Heius.
1205 1085 1213 1090 ·

550 1146 649 1192 268
683 1142 941 1207 Pudor-em]
974 1142 1194 1193 Causam
1210 1155 1307 1206 pro
1324 1138 1550 1191 effectu:

470 1232 584 1283 pro
601 1219 808 1269 rubore.
842 1219 1024 1269 Barth.

473 1323 479 1329 ·
553 1300 652 1346 270
685 1295 887 1345 Auroroe
920 1295 1123 1357 digitos]
1157 1296 1343 1345 Roseae
1375 1309 1557 1345 manus

489 1379 547 1422 et
564 1372 734 1437 digiti,
746 1387 842 1435 pro
860 1379 1012 1436 parte
1023 1387 1123 1422 nou
1137 1372 1436 1434 poenitenda
1448 1374 1558 1422 lau-

474 1448 769 1498 -datissimae
799 1447 1004 1512 formae,
1030 1448 1368 1498 celebrantur
1396 1449 1559 1512 scrip-

493 1526 693 1577 toribus
710 1527 1042 1577 suavitatum.

559 1603 798 1653 Humeros
818 1601 1019 1664 Dianae]
1053 1602 1127 1652 Hi
1158 1616 1362 1668 quoque
1386 1603 1442 1652 iu
1475 1617 1560 1652 ce-

492 1679 742 1732 lebritate
763 1680 1181 1745 pulchritudinis.
1214 1680 1391 1731 Barth.

555 1768 654 1816 272
687 1759 859 1815 Dotalt·
869 1759 1055 1822 potuit]
1079 1760 1284 1809 Corona
1299 1757 1565 1822 Ariadnae,

498 1841 631 1890 coelo
652 1839 770 1889 fixa.
808 1839 958 1888 Idem.

562 1913 772 1976 signore
810 1912 1017 1975 Corona]
1050 1912 1228 1963 Ditare
1268 1911 1353 1962 vel
1389 1912 1563 1960 donare

497 1989 682 2052 scripti
720 1990 904 2039 multi:
958 1988 1031 2038 nil
1072 1995 1236 2037 muta.
1287 2000 1382 2037 ‘v1.
1405 1986 1561 2036 Cous.

478 2067 642 2117 ·1·Ion.
676 2067 882 2117 ‘omnia
919 2069 1090 2117 luctus
1123 2064 1447 2129 Argumenta
1485 2063 1563 2112 sui

495 2144 649 2196 Titan
686 2144 917 2208 signavit
937 2140 1212 2208 Olympoz’
1242 2140 1427 2204 signin
1467 2153 1563 2202 pro

470 2224 705 2275 ›diversa
736 2223 962 2272 lectione
996 2220 1144 2285 prim.
1178 2218 1353 2268 Vatic.
1402 2218 1563 2266 Forte

497 2316 592 2365 pro
631 2299 897 2363 insignire:
933 2302 1145 2361 quartus
1176 2294 1460 2342 Vaticanus
1483 2292 1567 2341 iti·

498 2377 619 2427 dem
658 2390 756 2439 pro
792 2374 1003 2422 diversa
1042 2370 1282 2429 lectione,
1325 2368 1567 2419 redimire.

503 2455 576 2505 D.
604 2452 808 2503 Heins.›

564 2533 662 2580 275
697 2526 895 2591 Sidera]
931 2527 1102 2585 Nova,
1134 2523 1379 2575 videlicet
1416 2537 1568 2574 novoe

476 2640 483 2643 -
507 2603 709 2656 formae.
741 2604 922 2655 Barth.

565 2687 666 2734 276
704 2684 750 2732 Ο
771 2684 917 2744 digno
956 2681 1182 2731 »sedendo
1216 2679 1340 2742 uiro]
1375 2678 1571 2741 Idigm

503 2760 723 2826 Gyrald.
741 2766 796 2809 et
816 2761 1034 2821 Luceus.
1056 2757 1241 2822 probe:
1267 2772 1399 2806 unus
1418 2758 1568 2809 Med.

476 2838 567 2887 ‚In
581 2837 757 2900 digno.-
791 2844 847 2886 ut
870 2843 926 2885 et
959 2834 1458 2885 Helmaestadiensis.
1494 2835 1571 2886 D.

505 2913 682 2964 Heius.

476 3022 482 3028 -
568 2994 669 3041 279
698 2990 804 3040 Ibis
840 2990 1033 3053 Regina
1066 2988 1355 3053 Sicambros]
1385 2989 1574 3038 Sicam-

476 3068 587 3121 .bri
629 3083 727 3132 pro
764 3067 1028 3117 indomitis
1078 3073 1135 3117 et
1172 3066 1575 3116 bellicosissimis

480 3146 731 3210 populis.
762 3145 943 3196 Barth.

571 3225 669 3270 280
701 3220 1039 3283 Atlanteosque
1056 3217 1283 3282 recessus]
1317 3219 1461 3268 Malo
1485 3217 1573 3269 At·

476 3331 484 3337 -
513 3298 767 3360 lanteique.
800 3297 877 3345 D.
903 3294 1085 3345 Heins-

479 3419 487 3427 .
567 3373 822 3436 Recessus]
860 3372 1156 3424 Recondita
1182 3371 1315 3421 loca.
1352 3371 1531 3421 Barth.

478 3488 487 3494 -
571 3456 670 3502 284
700 3451 815 3515 Ipsa
850 3455 989 3514 caput
1025 3450 1282 3511 distinguit
1301 3449 1412 3512 acu]
1449 3449 1572 3498 Con·

480 3528 704 3591 ,stringit
725 3528 949 3577 Lucens.
967 3532 1023 3575 et
1039 3523 1431 3590 quatuordecim
1454 3524 1538 3572 alii
1557 3539 1572 3574 ε

510 3607 724 3670 vulgata
745 3605 939 3669 proba:
981 3617 1098 3652 mox
1128 3616 1234 3665 «pro
1270 3601 1577 3663 substringit,

510 3697 641 3732 unus
661 3682 805 3732 Med.
827 3681 1082 3743 succingit.
1114 3680 1187 3731 D.
1210 3678 1393 3727 Heius.

484 3796 493 3805 .
581 3761 735 3823 Caput
778 3758 1033 3820 distinguit
1071 3759 1181 3821 acu]
1232 3757 1422 3804 Munus
1467 3755 1577 3804 sive

486 3834 738 3886 :officium
763 3836 943 3884 talium
968 3849 1152 3882 acuum
1189 3832 1577 3895 designat-Hie-

484 3946 489 3950 -
514 3927 773 3976 ronymus,
794 3913 1083 3961 Comment.
1117 3909 1170 3959 in
1193 3923 1279 3958 111.
1308 3924 1356 3959 c.
1380 3909 1576 3958 Esaiae:

464 3990 741 4050 ‚2‘babent
778 3988 1020 4037 mulieres
1060 4001 1182 4035 acus
1220 4000 1355 4046 suas,
1391 3985 1579 4050 quibus

484 4113 495 4121 ,
512 4072 806 4117 ornatorum
831 4064 1045 4114 crinium
1079 4077 1328 4125 compago
1353 4070 1580 4123 tenetur,

492 4157 582 4193 .ue
604 4142 772 4191 laxius
792 4140 974 4201 fiuant,
1001 4146 1092 4189 ant
1122 4140 1175 4188 in
1210 4154 1415 4202 sparsos
1432 4139 1580 4188 dissi-

516 4226 705 4284 pentur
727 4217 981 4282 capillos?

544 4293 878 4363 διιῠεΐήηείε
908 4294 1131 4362 amictus]
1177 4295 1252 4346 Ut
1285 4292 1458 4359 puella
1489 4282 1584 4343 fiat

1629 3456 1799 3520 equis
1827 3454 1882 3504 iu
1919 3454 2180 3503 Venerem
2213 3449 2512 3501 ruentibus:

869 380 1088 434 No'rAE
1136 380 1540 430 VAmoRUM
1588 381 1670 431 m
1720 382 1837 431 01..
1882 379 2161 432 GLAUD.
2209 378 2288 431 X.

1613 525 1840 590 tenuior3
1854 526 2108 586 subtilior,
2122 524 2469 590 graeilenuor.
2499 523 2679 576 M

1684 607 1784 654 286
1815 604 2102 668 Astefores]
2125 603 2287 654 Moris
2303 602 2685 654 fuisseutdona

1624 679 1876 744 Augusta>
1900 679 2108 744 futura,
2141 681 2383 731 nimirum
2405 681 2581 745 regius
2600 693 2681 729 or-

1622 769 1795 823 natus,
1825 762 2029 812 domum
2069 762 2379 822 mitteretur,
2409 759 2563 808 etiam
2596 772 2701 807 ue·-

1622 838 1808 889 scienti
1844 838 1911 887 de
1932 838 2122 888 Amore
2156 837 2450 902 principis.-
2481 835 2681 899 Nuth

1625 921 1796 965 autem
1819 915 2067 964 vehiculis
2106 914 2312 964 domum
2344 911 2686 976 ducebantur,

1626 993 1823 1043 solenni
1849 1006 2010 1043 more.

1693 1071 1971 1134 Pilentaqioe
2010 1069 2221 1133 summ]
2276 1070 2471 1119 Currus
2511 1081 2689 1118 sacros

1628 1146 1757 1197 dicit
1767 1147 2049 1197 destinatos
2065 1145 2457 1197 transvehendas
2469 1158 2695 1209 sponsas,

1626 1224 1861 1291 qualibus
1881 1223 2151 1274 Antistitae
2190 1229 2392 1272 tantum
2414 1220 2696 1271 utebantur

1630 1303 1769 1353 olim.
1815 1301 2114 1366 Antiquitas
2155 1314 2279 1350 vero
2318 1304 2496 1363 nuptae
2540 1303 2691 1345 nove

1631 1378 1848 1444 pedibus
1870 1377 2242 1443 procedebant,
2282 1374 2456 1425 ductae
2481 1390 2512 1423 a
2533 1374 2699 1437 patri-

1632 1457 1727 1507 mis
1767 1456 2121 1519 matrimisque
2167 1453 2360 1517 pueris.
2424 1451 2528 1503 Qui
2566 1449 2699 1499 adeo

1635 1534 1943 1584 obliteratus
1980 1530 2305 1594 postmodum
2345 1533 2429 1577 est
2471 1541 2604 1590 mos,
2638 1532 2700 1576 ut

1634 1611 1914 1682 speciatim·
1928 1608 2180 1673 nuptialia
2205 1611 2456 1672 carpenta
2478 1617 2702 1655 comme·

1636 1694 1917 1739 morentur.
1951 1684 2129 1735 Barth.

1701 1768 1799 1814 289
1833 1762 2046 1825 Nobilis]
2079 1762 2258 1824 Equos
2279 1756 2563 1809 secundum
2583 1755 2706 1806 stir-

1637 1856 1732 1906 pes
1762 1839 1988 1889 ceusitos
2029 1836 2224 1886 dudum
2260 1840 2507 1885 notarunt
2541 1832 2702 1883 docti.

1637 1919 1788 1969 Idem.
1943 1927 1948 1931 ’

1701 1999 1796 2044 291
1834 1993 2045 2043 Carvata
2078 1991 2257 2042 cervice
2274 1989 2440 2054 jubas]
2486 1990 2706 2040 Lucens.

1642 2072 1875 2122 anbata:
1933 2070 2141 2120 rectius.
2205 2081 2281 2118 iv.
2345 2068 2500 2118 Cous.
2557 2064 2705 2117 Hon.

1640 2150 1969 2200 ‘Tui-bantur
2002 2147 2265 2210 phalerae:
2300 2141 2552 2208 spumosis
2573 2154 2711 2190 mor·

1639 2226 1779 2274 sibus
1800 2238 1979 2274 aurum
2002 2223 2207 2272 Fumat.
2207 2220 2222 2244 ’
2266 2219 2468 2270 Tholos.
2493 2216 2710 2266 Crinito.

1641 2303 1746 2351 Pro
1769 2299 2039 2362 magistros,
2059 2299 2341 2362 magistrum
2379 2297 2613 2346 Florent.
2651 2300 2712 2344 et

1642 2377 1880 2427 Ambros.
1905 2391 2048 2427 unus.
2082 2377 2149 2426 D.
2173 2374 2352 2425 Heius.

1706 2453 1959 2504 Pharsalia
1992 2451 2130 2516 rura]
2163 2450 2399 2502 Thessali
2420 2450 2557 2500 enim
2579 2448 2706 2514 equi

1623 2532 1841 2596 optimi.
1873 2532 2048 2581 Barth.

1706 2613 1804 2658 292
1838 2608 2053 2656 Hinm’tu
2081 2605 2289 2671 flagitat
2318 2605 2500 2670 amnes]
2564 2603 2714 2666 Ignes

1642 2684 1916 2735 duodecim
1935 2684 2092 2733 libri:
2128 2681 2265 2747 quod
2299 2689 2354 2730 et
2389 2681 2445 2729 in
2473 2679 2711 2744 quinque

1642 2763 1746 2812 suis
1770 2761 2007 2811 Andreas
2025 2752 2271 2810 Schottus
2311 2757 2542 2807 invenit:
2578 2755 2713 2805 nihil

1642 2848 1786 2890 muto
1810 2845 2001 2889 tamen.
2067 2835 2322 2902 Apposite
2340 2834 2616 2885 Lucretius
2631 2832 2714 2880 iu-

1621 2918 1739 2967 ·itio
1758 2918 1844 2966 lib.
1863 2930 1903 2965 1.
1933 2917 1949 2945 ⁴
1971 2915 2103 2964 Inde
2121 2913 2247 2963 ferte
2266 2912 2490 2976 pecudes
2513 2911 2718 2974 persul-

1646 2998 1761 3043 tant
1815 2992 2008 3055 pabula
2052 2992 2195 3053 laeta,
2236 2990 2455 3052 Ignotos
2494 2993 2717 3036 tranant

1647 3083 1823 3119 amnes
1841 3068 1874 3117 :’
1909 3068 1999 3117 ubi
2021 3067 2087 3116 de
2110 3079 2300 3115 amore.
2368 3065 2446 3114 Et·
2468 3063 2534 3112 de
2557 3077 2717 3127 equa-

1649 3148 1744 3196 bus
1777 3145 1966 3209 Virgil.
1995 3158 2082 3193 111.
2123 3144 2333 3205 Georg.'
2362 3131 2528 3190 ‘'lllas
2565 3138 2719 3188 ducit

1649 3237 1791 3272 amor
1817 3228 1960 3271 trans
1983 3222 2236 3284 Gargara,
2260 3224 2507 3282 transque
2530 3229 2719 3265 sonan-

1648 3309 1755 3351 tem
1776 3299 2094 3350 Ascanium:
2128 3301 2379 3359 superant
2418 3298 2622 3342 montes
2658 3297 2721 3342 et

1648 3376 1859 3427 flumina
1891 3374 2137 3425 tranant.'
2220 3373 2367 3423 Idem
2408 3369 2604 3420 ibidem
2648 3367 2721 3418 de

2537 3450 2575 3477 ·‘
2594 3446 2722 3496 Non

1651 3533 1851 3596 scopuli
1868 3544 2124 3595 rupesque
2146 3544 2288 3579 cavae
2319 3536 2479 3591 atque
2502 3524 2720 3589 objecta

1654 3611 1923 3661 retardant
1966 3608 2234 3658 Flumina:
2257 3606 2271 3629 '
2322 3605 2413 3655 sed
2457 3618 2548 3652 cur
2585 3606 2727 3651 notos

1653 3703 1829 3748 amnes,
1856 3702 1971 3736 cum
2012 3686 2229 3749 primum
2261 3683 2477 3746 incipiat
2516 3681 2725 3729 amare?

1654 3766 2025 3828 anignotosqne,
2046 3770 2106 3811 ut
2130 3760 2266 3824 apud
2291 3759 2472 3822 virgil.
2495 3755 2612 3822 equi
2633 3770 2724 3818 ge-

1654 3841 1824 3889 nerosi
1848 3842 2017 3905 pullus
2050 3837 2260 3887 ‘Audet
2289 3844 2345 3885 et
2387 3838 2565 3898 ignoto
2604 3846 2724 3881 sese

1657 3919 1985 3967 committere
2043 3914 2238 3979 ponto.'
2339 3910 2723 3971 Mazarinianus

1657 4004 1824 4057 certe,
1845 4002 1985 4058 atque
2001 4008 2135 4042 novo.
2172 3990 2443 4040 Palatinus
2465 3990 2568 4036 tor'o
2584 4001 2601 4033 .·
2623 3998 2723 4048 pro

1651 4074 1836 4137 primus
1855 4075 2029 4121 amoris
2048 4071 2179 4127 odor,
2205 4070 2254 4115 in
2297 4066 2444 4128 prim.
2485 4062 2732 4111 Vatican.·

1659 4150 1823 4203 Oisel.
1851 4159 1905 4198 et
1938 4155 2161 4212 quatuor
2192 4144 2307 4193 aliis
2337 4145 2550 4206 priscus.-
2585 4138 2725 4203 quod

1656 4228 1700 4275 si
1719 4226 2002 4291 sequimur,
2040 4221 2167 4272 nihil
2206 4217 2524 4270 difficultatis
2547 4215 2650 4264 erit
2669 4214 2727 4280 in

1657 4303 1779 4355 notis
1798 4300 2026 4352 amnibus.
2095 4295 2346 4348 Fortassis
2366 4300 2539 4345 tamen
2555 4293 2726 4357 legen-
