2992 4925
848 450 863 462 v
962 428 1057 476 DE
1105 423 1829 476 BELLO‘G1LDON100.

290 563 652 633 curist‘ueaie:
675 569 766 620 sed
781 563 1020 668 ‘secundis
1043 568 1356 634 palinodiam

291 647 448 698 canit.
486 648 558 698 D.
589 648 765 698 Heius.

2325 406 2498 474 1809

1431 583 1530 620 cae.
1595 566 1815 618 Rednx‘
1802 582 1856 617 ιιι
1879 566 2059 618 urbem
2081 563 2290 630 publica
2308 563 2500 616 laetitia

1430 645 1762 695 simulacrum
1783 642 2164 708 excipiebatur,
2179 639 2368 692 ablutis
2390 654 2499 691 om·

316 728 451 774 113
501 724 676 774 Altero
720 723 907 789 Nilum]
941 723 1166 788 Aurora,
1205 737 1357 789 quam
1431 723 1585 772 nibus
1608 721 1757 771 malis
1774 720 2047 771 ominibus.

290 747 443 850 modo
466 801 771 865 nominavit,
785 808 876 851 aut
896 802 1080 863 altera,
1099 801 1209 850 sive
1229 799 1361 851 adeo

290 879 454 928 Roma
477 893 632 941 nova,
647 893 804 944 quam
818 878 1035 943 AEgypti
1054 885 1361 942 proventum

290 955 580 1064 occupasse
601 956 739 1006 dixit
759 970 934 1020 supra.
967 956 1143 1007 Barth.

320 1029 531 1083 Altera
551 1032 746 1096 Nasus]
794 1032 859 1082 Id
881 1038 984 1094 est,
1005 1031 1226 1095 Aurora,
1249 1030 1361 1081 sive

292 1107 534 1159 Orientis
577 1109 714 1173 Irnp.
751 1109 911 1160 babet
944 1108 1042 1159 sibi
1076 1107 1361 1174 AEgypnun

292 1183 576 1235 subditam.
612 1184 798 1235 curer.

356 1264 454 1311 114
492 1261 615 1317 Qaoe
649 1266 804 1310 terras
838 1261 1045 1312 humeris
1081 1266 1362 1324 ponamque

288 1338 481 1403 subegi]
505 1338 571 1389 Id
592 1346 692 1402 est,
714 1339 952 1389 omnibus
972 1339 1189 1404 viribus,
1209 1354 1362 1390 cona·

292 1424 371 1479 tu,
408 1423 473 1467 ut
514 1417 604 1482 qui
641 1416 867 1467 humeris
916 1417 1172 1467 adnititur
1215 1417 1362 1481 gravi

291 1494 440 1557 operi
462 1493 695 1544 tollendo
719 1499 809 1543 aut
828 1493 1103 1544 movendo.
1137 1494 1315 1544 Barth.

359 1575 455 1622 115
505 1571 745 1633 Seneetoe]
792 1572 924 1623 Quae
960 1571 1076 1635 ipsa
1113 1572 1255 1636 mibi,
1286 1571 1361 1621 in·

293 1648 428 1713 quit,
448 1648 616 1698 Instar
638 1644 927 1697 affectionis
947 1653 1047 1697 est.
1083 1645 1202 1698 Hoc
1223 1647 1360 1698 enim

266 1729 373 1775 -est
395 1724 699 1775 senectutis
714 1724 956 1789 {elogium
981 1723 1119 1788 apud
1140 1725 1362 1790 antiqui-

294 1807 478 1852 tatem.
504 1800 641 1850 vide
663 1800 966 1852 Ciceronem
987 1800 1079 1851 lib.
1100 1800 1364 1865 singulari.

294 1878 451 1927 Ideni.

361 1957 463 2003 116
484 1952 672 2009 Quibus
688 1951 833 2001 iratis
850 1951 1003 2017 crevi]
1033 1950 1191 2016 Dixit
1208 1966 1368 2017 supra

291 2029 539 2079 laborare
561 2043 618 2079 se
638 2029 796 2090 mole,
816 2035 873 2079 et
894 2028 1183 2079 breviorem
1204 2027 1367 2079 fuisse

291 2105 602 2157 feliciorem.
665 2106 787 2159 Jam
809 2107 886 2157 ait
902 2107 1031 2156 iram
1062 2107 1114 2157 in
1150 2122 1206 2157 se
1231 2107 1370 2156 Deo-

294 2197 409 2232 mm
428 2183 701 2247 expletam
723 2182 839 2247 ipsa
874 2183 1243 2247 prosperitate,
1262 2197 1368 2248 qua

293 2259 513 2309 inducta
557 2259 628 2309 sit
664 2259 717 2308 in
754 2258 969 2311 fatalem
1004 2261 1155 2310 istam
1195 2260 1367 2325 perni-

297 2335 450 2385 ciem.
519 2334 679 2385 Iratis
715 2336 828 2385 Diis
861 2337 973 2388 nati
1009 2336 1276 2400 dicuntur,
1299 2336 1366 2387 ad

298 2411 473 2462 omnia
494 2411 822 2462 infortunati.
859 2412 1013 2462 Idem.

362 2491 460 2537 117
493 2487 718 2552 Putrem]
747 2488 952 2540 Jovem.

365 2565 529 2628 Tuque
568 2564 622 2626 o]
675 2565 1002 2615 Exclamatio
1053 2565 1374 2630 energetica,

298 2641 461 2691 animi
482 2641 854 2692 excitationem
875 2641 1129 2694 indicans.

310 2717 1186 2782 -Sisponteperulthee-tu]
1251 2718 1373 2775 Qua

296 2798 434 2843 vectu
448 2808 542 2858 per
560 2795 713 2844 ultm
747 2800 927 2859 sponte,
964 2795 1114 2859 prim.
1154 2803 1212 2846 et
1244 2803 1370 2846 tert.

299 2870 473 2920 vatic.
520 2876 747 2934 quatuor
789 2872 896 2935 alii,
936 2888 1044 2937 quae
1083 2878 1249 2937 sponte
1283 2886 1374 2937 per

297 2946 448 2996 altam
476 2944 640 2996 Vecta.
675 2947 747 2997 D.
772 2946 957 2998 Heius.

312 3064 317 3069 .
365 3023 573 3088 Sponte.
599 3038 686 3087 per
730 3026 883 3075 ultam
931 3025 1099 3090 Vecta]
1145 3026 1372 3075 Matrem

299 3101 588 3165 Phrygiam
627 3102 861 3151 Deorum
902 3102 1198 3167 alloquitur.
1272 3104 1373 3153 Ro-

298 3192 438 3227 mam
472 3177 596 3227 inde
636 3177 908 3228 advectam
942 3179 1105 3229 ductu
1140 3178 1379 3229 Claudia

296 3255 553 3318 Vestalis,
573 3269 690 3319 qum
723 3254 941 3305 adverso
975 3254 1155 3305 Tiberi
1189 3269 1377 3304 navem

302 3330 465 3382 traxit
484 3330 686 3395 injecta
707 3345 879 3393 manu,
898 3330 1194 3382 testimonio
1224 3331 1375 3395 pudi-

300 3407 442 3461 eitiae
460 3413 708 3458 servatae.
740 3408 920 3460 Barth.

368 3487 469 3533 119
524 3483 851 3547 prelatoque]
907 3484 1161 3544 Romano,
1217 3497 1374 3548 quem

305 3560 539 3624 Plirygio
561 3560 771 3611 Almoni
795 3561 1089 3625 praetulisti.
1123 3562 1309 3612 Deli-io.

364 3635 593 3702 Ata-one]
646 3637 776 3688 Cum
819 3639 1048 3691 venisset
1091 3640 1157 3689 ad
1201 3639 1378 3691 Almo-

305 3729 449 3778 nem,
483 3715 706 3766 adverso
742 3716 937 3777 Tiberi,
972 3718 1300 3769 simulacrum
1345 3732 1376 3766 e

304 3790 543 3856 Phrygia
560 3791 893 3854 accersitum,
924 3793 1001 3843 ibi
1032 3794 1194 3847 totum
1229 3799 1314 3844 est
1346 3808 1379 3842 a

301 3866 653 3929 Sacriflculin
677 3868 815 3918 unde
836 3883 949 3918 mos
967 3883 1166 3925 annuus
1188 3871 1380 3921 mansit

306 3958 471 4008 sacer,
487 3959 551 3994 eo
574 3945 664 3995 die
685 3954 965 4008 exportare
1000 3949 1172 3999 Deam
1195 3948 1265 3997 ad
1283 3946 1378 3998 flu-

308 4022 466 4081 vium,
488 4027 546 4071 et
567 4021 674 4071 illic
692 4021 949 4071 enitidare
971 4038 1198 4075 saxeam.
1250 4024 1378 4073 Dies

307 4102 422 4148 erat
459 4096 634 4160 pridie
655 4096 739 4147 Id.
762 4097 936 4161 April.
974 4100 1075 4149 iter
1105 4107 1263 4164 porta
1281 4100 1379 4150 Ca-

312 4188 460 4238 pena.
507 4174 636 4238 Ipsa
657 4175 775 4239 Dea
795 4176 925 4225 adeo
947 4177 1264 4229 credebatur
1283 4179 1379 4228 bac

314 4250 579 4303 afflatione
597 4251 844 4317 mitigari,
866 4260 924 4303 ut
946 4254 1117 4305 omnia
1147 4255 1295 4305 volut
1315 4254 1381 4304 de

314 4325 521 4394 integro
537 4326 713 4391 felicia
750 4329 1094 4393 portenderet
1116 4331 1384 4397 Reipubli-

1498 798 1700 862 Leones]
1747 798 1957 863 Ubique
2014 795 2246 847 Comites
2296 807 2501 859 magua

1434 877 1665 927 Deorum
1687 874 1857 926 matri.
1889 875 2069 924 Barth.

1502 958 1597 1005 121
1647 953 1740 1004 Sin
1778 952 2028 1019 prohibent
2067 950 2257 1014 Poreoe]
2305 947 2503 998 Harum

1435 1033 1573 1082 enim
1594 1030 1875 1096 Imperium
1899 1030 1954 1079 in
1976 1030 2147 1092 ipsum
2175 1032 2259 1076 est
2277 1024 2484 1077 Jovem.

1503 1109 1661 1159 Falsis
1678 1107 1919 1171 auguriis]
1950 1105 2248 1154 vulturum.
2293 1102 2473 1151 Barth.

1466 1183 1471 1188 ’
1501 1192 1598 1239 124
1650 1188 1784 1238 Auia
1823 1183 1995 1247 coedes]
2048 1184 2245 1245 Pugnae
2286 1179 2504 1244 Gyrald.

1435 1265 1627 1330 Isingr.
1648 1264 1798 1330 prim.
1815 1263 1991 1320 vatic.
2029 1267 2085 1312 et
2120 1275 2213 1309 sex
2248 1258 2354 1309 alii.
2412 1259 2507 1309 Se-

1437 1342 1616 1407 quenti
1635 1355 1785 1391 versu
1804 1354 1897 1405 pro
1915 1338 2221 1403 prosternite,
2235 1334 2374 1401 quod
2390 1335 2506 1399 jam
2605 1391 2630 1405 ,

1436 1424 1799 1482 praecesserat,
1812 1415 2078 1481 permittite
2089 1411 2366 1477 legendnm
2388 1423 2507 1461 cum

1438 1494 1621 1544 eodem
1657 1492 1903 1557 lsingrin.
1937 1491 2110 1540 Vatic.
2157 1487 2410 1538 Mazarin.
2452 1493 2510 1536 et

1438 1570 1740 1621 Florentino
1763 1570 1816 1622 S.
1841 1568 2028 1619 Marci.
2049 1567 2210 1616 etiam
2233 1565 2508 1614 Pricoeano

1438 1653 1597 1714 atque
1637 1646 1922 1698 Oiseliano.
1977 1644 2262 1694 Patavinus
2298 1640 2511 1691 commit-

1438 1725 1546 1776 tite.
1581 1726 1715 1775 Stat.
1735 1722 1895 1774 Theb.
1918 1736 1982 1773 ιι.
2018 1723 2033 1751 ‘
2060 1722 2258 1771 utinam
2287 1719 2365 1769 bis
2401 1733 2510 1768 ma·

1437 1800 1593 1850 nibus
1612 1800 1915 1865 permittere
1931 1804 2117 1862 gentes
2133 1796 2347 1861 Jupiter
2362 1808 2510 1859 a>que

1439 1877 1616 1944 velisz’
1651 1883 1831 1928 noster
1846 1875 2010 1925 infra:
2042 1875 2057 1903 ‘
2085 1872 2381 1925 turbinibus
2404 1885 2512 1921 me-

1442 1954 1541 2004 diis
1560 1955 1808 2019 permitte
1832 1951 2070 2003 carinas?
2101 1951 2139 2001 l.
2165 1965 2230 2001 ιι.
2255 1950 2306 1999 in
2330 1946 2510 1998 Rufiu.

1442 2033 1458 2060 ‘
1481 2033 1728 2082 miserum
1764 2030 2009 2094 permitto
2047 2027 2254 2077 casibus
2295 2021 2512 2075 orbem.'

1439 2109 1616 2171 Silius,
1634 2111 1672 2159 l.
1698 2121 1802 2159 ιιι.
1821 2108 1837 2135 ‘
1855 2105 2089 2171 permisit
2110 2102 2331 2153 flammis
2354 2108 2512 2166 atque

1442 2186 1652 2236 ensibus
1690 2185 1870 2234 urbem
1886 2181 1919 2233 ι’
1954 2182 2029 2232 sic
2059 2188 2115 2231 et
2149 2182 2165 2210 ‘
2192 2177 2363 2245 gladio
2395 2191 2513 2241 per-

2033 2261 2228 2310 Lucan.
2272 2257 2366 2307 lib.
2407 2268 2513 2305 vn.

1440 2264 1654 2314 mittere
1698 2261 1977 2325 mundum}

1441 2341 1514 2391 D.
1542 2340 1712 2392 Heius.

1509 2421 1605 2467 12⁵
1662 2416 1794 2468 Sevi
1836 2414 2039 2480 Pyrrhi]
2092 2411 2241 2461 Inter
2289 2419 2514 2458 summos

1443 2493 1935 2558 potentissimusque
1966 2491 2148 2538 hostes
2161 2488 2238 2537 rei
2262 2485 2513 2536 Romanae

1444 2577 1750 2620 numeratur
1772 2568 1887 2616 Rex
1904 2567 2022 2616 iste.
2055 2565 2236 2615 Barth.

1514 2651 1611 2698 129
1642 2646 1921 2719 Sameque
1938 2657 2115 2692 memor
2131 2639 2371 2704 Tritonia]
2392 2638 2516 2689 Pal·

1445 2724 1642 2774 ludium
1658 2722 1796 2772 enim
1814 2725 1949 2783 erat,
1964 2718 2102 2784 quod
2119 2716 2258 2782 apud
2275 2715 2517 2803 Virgines

1446 2801 1692 2850 Vestales
1736 2797 2144 2860 custodiebatur,
2177 2792 2411 2844 Palladis
2452 2792 2518 2841 si-

1447 2878 1749 2927 mulacrum.
1783 2874 1931 2923 Idem.

1518 2958 1609 3004 131
1647 2953 1914 3017 Indigetes]
1963 2944 2518 3013 Indigetes'dicuntur

1448 3030 1539 3095 qui
1561 3043 1629 3079 ex
1651 3027 1953 3078 mortalibus
1991 3027 2045 3076 in
2083 3026 2312 3074 Deorum
2340 3035 2517 3071 nume-

1444 3122 1566 3158 rum
1588 3106 1755 3156 relati.

1516 3184 1576 3233 Si
1597 3197 1710 3247 ques
1747 3182 1899 3231 Roma
1917 3177 2119 3243 recepit]
2152 3177 2284 3228 Quoe
2306 3172 2517 3239 quidem

1449 3274 1628 3310 omnes
1651 3258 1869 3321 recepit,
1889 3256 2052 3306 instar
2066 3253 2206 3316 coeli,
2226 3266 2328 3316 quo
2350 3248 2519 3313 recipi

1448 3336 1704 3385 dicuntur
1735 3335 1822 3399 qui
1864 3331 2234 3382 mortalitatem
2275 3328 2518 3392 migrant.

1449 3412 1665 3462 Nullum
1709 3411 1858 3461 enim·
1891 3423 2079 3461 numen
2133 3405 2364 3471 gentium
2414 3416 2518 3453 non

1451 3495 1722 3553 receptum
1750 3485 2017 3537 Romanis.
2082 3484 2353 3546 Quotquot
2382 3479 2519 3529 enim

1451 3565 1759 3629 provincias,
1806 3564 2044 3628 populos,
2096 3559 2266 3621 urbes,
2306 3570 2520 3621 supera-

1453 3643 1602 3706 bant,
1646 3655 1822 3692 eorum
1862 3639 2098 3692 omnium⁴
2129 3638 2276 3686 Deos
2321 3634 2518 3698 partim

1452 3720 1664 3784 publice
1686 3715 2083 3775 consecrabant,
2117 3712 2305 3777 partim
2331 3723 2425 3775 per
2444 3707 2519 3757 fa-

1452 3797 1619 3846 milias
1655 3793 1989 3858 spargebant.
2055 3790 2196 3840 Hinc
2231 3787 2428 3838 factum
2455 3790 2521 3835 'ut

1452 3873 1680 3924 omnium
1700 3869 2127 3935 superstitionum
2146 3863 2396 3916 colluvies
2419 3863 2521 3913 Ro·

1452 3966 1590 4002 mam
1612 3945 1919 4000 conflueret.
1950 3947 2129 3996 Barth.

1520 4032 1618 4077 132
1646 4027 1748 4077 Aut
1786 4026 1921 4075 dedit
1955 4024 2061 4088 ipsu
2093 4021 2247 4084 Deos]
2286 4020 2522 4070 Caesares

1454 4112 1512 4154 et
1533 4105 1709 4168 Reges
1730 4101 2003 4165 intelligit,
2038 4097 2333 4150 solennibus
2365 4095 2534 4153 rebus·

1451 4181 1507 4230 in
1530 4182 1676 4231 Deos
1694 4179 1904 4228 relatos.

1473 4308 1479 4315 ,
1524 4260 1683 4308 Corda
1720 4254 1925 4319 remitti]
1974 4254 2058 4306 Sic
2100 4252 2266 4317 major
2302 4250 2523 4314 scripto·

1455 4349 1570 4386 rum
1608 4348 1729 4399 pars
1765 4330 1997 4398 eleganti
2032 4329 2337 4382 Graecismo.
2369 4325 2525 4389 vulgo
