2992 4925
561 353 735 421 139⁴

562 513 697 563 dos!
728 514 904 577 Silius,
945 516 1036 568 lib.
1083 530 1181 568 xv.
1229 517 1246 545 ‘
1283 515 1487 567 decima
1517 517 1627 580 jam

562 590 676 639 haec
700 592 924 641 vertitur
945 599 1117 657 aestas,
1161 592 1243 643 Ex
1284 608 1386 659 quo
1409 594 1631 658 proteri·

562 666 713 716 mur?
747 668 898 731 prim.
935 670 1105 720 Vatic.
1150 684 1247 733 pro
1286 670 1494 720 diversa
1527 672 1631 719 lec·

563 742 706 791 tione
724 745 955 805 perdidit.
990 743 1246 810 quomodo
1269 753 1323 796 et
1347 747 1633 797 patavinus

566 830 632 865 ex
656 818 867 884 nostris,
897 827 952 870 et
969 831 1225 885 praeterea
1247 822 1634 887 Isiugrinianus.

568 894 637 943 D.
663 894 840 945 Heius.

631 971 867 1037 Perculit]
935 973 1098 1023 Velut
1137 973 1350 1025 fulmine
1392 975 1634 1041 quopiam

566 1059 812 1111 superno.
845 1049 1025 1099 Barth.

632 1126 698 1173 17
732 1124 958 1175 Exitium
978 1126 1086 1187 jum
1109 1128 1262 1178 Rom
1281 1128 1476 1192 tinen]
1510 1129 1636 1178 Exi·

566 1198 631 1247 tii
651 1199 944 1252 octodecim
968 1202 1171 1266 scripti.
1195 1204 1332 1269 quod
1352 1205 1508 1269 louge
1529 1206 1635 1255 ele·

570 1277 788 1339 gentius.
824 1278 1064 1343 probavit
1107 1285 1164 1329 et
1204 1280 1452 1332 Bartbins
1495 1282 1638 1333 curis

566 1354 826 1405 secundis.
849 1356 924 1406 sic
945 1345 964 1385 4
983 1363 1218 1408 metuens
1241 1358 1463 1409 leonum'
1487 1356 1639 1422 praef.

569 1430 659 1480 lib.
684 1435 764 1481 ιι.
786 1432 853 1481 de
879 1432 1037 1497 Rapt.
1075 1448 1191 1483 mox
1235 1436 1341 1484 visu
1374 1449 1469 1498 pro
1502 1437 1637 1486 vultu

572 1506 798 1569 potiores
820 1510 1153 1560 membranae.
1174 1511 1400 1561 diximus
1439 1511 1510 1561 ad
1548 1512 1637 1563 lib.

569 1601 658 1639 ιιι.
691 1589 757 1639 de
779 1590 936 1653 Rspt.
959 1605 1036 1640 vs.
1058 1595 1140 1640 91.
1178 1605 1272 1641 non
1309 1592 1461 1656 qualis
1479 1592 1637 1643 etiam

571 1666 822 1728 nonnulli,
845 1682 941 1730 pro
965 1683 1063 1718 nec.
1096 1669 1168 1720 D.
1185 1669 1366 1720 Heius.

638 1744 863 1793 Exitium
904 1744 1060 1793 Romu
1090 1744 1283 1809 timens]
1317 1748 1449 1796 Sunt
1480 1745 1638 1808 enim,

572 1832 678 1872 nou
717 1834 865 1870 secus
903 1828 1059 1885 atque
1100 1822 1459 1887 animantibus,
1483 1824 1639 1874 etiam

568 1896 784 1947 urbibus
808 1913 901 1948 sua
921 1898 1048 1948 fata.
1088 1899 1264 1951 Barth.

638 1973 816 2039 Roma]
872 1974 955 2024 De
993 1976 1158 2026 Roma
1194 1975 1501 2039 inspeciem
1524 1976 1640 2026 deoe

566 2048 766 2115 efficta,
815 2051 1034 2117 ejusque
1087 2053 1370 2104 miserabili
1413 2054 1642 2119 descrip-

573 2127 737 2192 tione,
752 2128 995 2179 visendus
1013 2130 1363 2194 Symmachus.

640 2205 845 2267 Negatis
863 2205 1131 2269 stagnus]
1153 2206 1298 2258 Quas
1322 2205 1455 2256 adeo
1482 2204 1643 2258 inter·

575 2281 803 2329 cluserat
823 2279 999 2343 Gildo,
1031 2280 1187 2346 inque
1210 2280 1394 2332 Africa
1416 2280 1645 2331 frumen-

576 2357 738 2408 tat-ies
760 2359 936 2424 populi
972 2360 1188 2410 Romani
1225 2374 1385 2410 naves
1415 2362 1647 2411 retinue-

576 2439 678 2496 rat,
701 2440 760 2486 ut
783 2435 899 2498 ipso
936 2435 1051 2500 jam
1091 2435 1296 2488 devicto
1320 2450 1517 2488 moram
1541 2452 1647 2488 om-

572 2524 697 2561 nem
737 2511 1019 2563 tollendam
1063 2513 1263 2565 scribat
1295 2513 1646 2579 Symmachus,

577 2601 645 2637 ne
686 2588 850 2651 plebs,
897 2588 1072 2653 iuopia
1107 2587 1328 2640 effersta
1352 2591 1406 2640 ln
1437 2591 1648 2640 seditio-

568 2680 697 2717 nem
720 2675 982 2732 erumpat,
996 2670 1085 2719 lib.
1105 2683 1183 2721 ιν.
1198 2670 1369 2733 Epist.
1390 2673 1440 2720 4.
1463 2669 1645 2721 Barth.

645 2747 709 2791 18
745 2744 925 2807 Rapidi
945 2745 1165 2809 Olympi]
1213 2745 1349 2796 Quia
1371 2759 1578 2809 semper
1593 2745 1646 2794 in

578 2819 762 2884 rapido
788 2828 947 2871 motu.
988 2822 1138 2872 Idem.

637 2899 711 2946 ,19
743 2895 1020 2961 Britannis]
1069 2888 1245 2949 Instar
1273 2898 1364 2948 bos
1387 2898 1521 2948 dicit
1539 2898 1651 2958 bel-

579 2972 888 3037 licosissimi,
943 2975 1294 3039 remotissimi,
1337 2974 1649 3026 ferocissimi

579 3048 775 3113 populi.
830 3050 981 3102 Idem.

645 3131 711 3175 20
746 3127 913 3191 Indos]
989 3129 1190 3180 Horum
1240 3129 1648 3180 debellationem

580 3215 829 3251 summam
874 3203 1119 3254 Romanae
1171 3205 1383 3256 virtutis
1430 3205 1649 3256 faciunt.

582 3277 853 3342 Horatius,
892 3279 998 3330 od.
1023 3296 1099 3331 lv.
1126 3286 1203 3332 14.
1235 3281 1252 3309 4
1277 3283 1350 3330 Te
1369 3282 1653 3345 Cantaber,

583 3368 685 3406 non
707 3363 831 3405 ante
853 3356 1140 3421 domabilis,
1161 3358 1471 3423 Medusque,
1489 3365 1546 3408 et
1564 3358 1651 3408 In·

583 3434 694 3497 dus,
727 3440 782 3484 te
826 3433 1079 3503 profugus
1130 3437 1346 3502 Scythes
1393 3435 1653 3490 Miratur.'

648 3591 712 3638 21
755 3587 861 3638 Vox
882 3589 1061 3654 tenuis]
1093 3590 1402 3655 Descriptio
1434 3591 1650 3642 bominis

583 3663 723 3714 fame
745 3666 993 3733 confecti,
1014 3669 1070 3717 in
1092 3670 1213 3719 Dea
1235 3669 1342 3733 illa,
1366 3668 1652 3720 Claudiano

583 3738 786 3807 ipsique
846 3759 948 3793 non
1015 3745 1291 3795 admodum
1352 3744 1651 3796 honorifica.

587 3817 836 3868 Morbida
872 3827 1046 3871 autem
1090 3823 1189 3872 boc
1232 3837 1392 3887 genus
1426 3822 1653 3884 numina,

586 3910 697 3946 uon
713 3896 991 3947 insolentes
1004 3897 1205 3948 faciunt
1229 3901 1531 3963 scriptores.
1579 3900 1654 3948 Ut·

588 3970 818 4024 Africam
839 3974 890 4023 in
913 3974 1223 4038 aegritudine
1248 3974 1424 4038 fnisse,
1444 3991 1475 4025 a
1494 3976 1655 4025 Theo-

588 4049 732 4099 dosio
768 4051 1003 4113 Seuiore,
1033 4052 1237 4101 medico
1270 4051 1654 4115 experientissi-

588 4140 693 4191 mo,
745 4135 996 4191 curatum,
1059 4127 1242 4178 scribit
1296 4129 1654 4192 Symmachus,

588 4194 760 4256 lib.'x.
785 4204 952 4268 Epist.
979 4209 1027 4253 l.
1061 4205 1214 4255 Idem.

673 4279 904 4351 nanque
930 4281 1170 4346 Jacmes]
1246 4280 1426 4333 Prima
1472 4280 1654 4344 editio,

933 371 1151 423 No'rAE
1196 369 1600 423 vAmoRuM
1647 373 1727 421 IN
1778 373 1892 423 ct..

1930 373 2212 424 chun.
2259 373 2392 425 XV.

1700 515 1905 567 Thoan.
1948 522 2005 567 et
2034 516 2222 568 Patav.
2266 516 2476 568 Eedes,
2517 513 2764 568 Cathdr.

1699 595 1715 624 4
1741 593 2000 659 Gentique
2039 595 2261 644 latentes
2296 593 2542 644 Interius.
2580 592 2766 643 sedere

1703 670 1882 733 genae?
1900 670 2156 734 quomodo
2180 671 2317 735 apud
2329 671 2574 730 Statium,
2593 669 2766 721 ‘nebz

1704 760 1742 797 1.
1775 748 1792 776 ‘
1817 747 1967 797 sedet
2005 747 2143 796 intus
2185 748 2385 797 abactis
2439 748 2638 797 Ferrea
2678 747 2767 795 lux

1705 822 1901 872 oculis?
1966 822 2140 884 Silius,
2176 823 2267 873 lib.
2302 837 2364 873 ιι.
2405 823 2550 886 ‘jam
2575 821 2771 872 lamina

1705 907 1848 949 retro
1892 900 2077 950 Exesis
2115 898 2298 964 fugere
2331 898 2507 964 genis?
2557 897 2772 964 quidam

1703 976 1864 1026 etiam
1917 983 2042 1027 ante
2094 975 2151 1024 τὸ
2193 975 2370 1039 sugere
2421 975 2770 1039 distinguunt,

1708 1059 1904 1104 caetera
1923 1053 2186 1117 vulgatam
2223 1052 2536 1117 scripturam
2560 1063 2772 1102 servan·

1710 1135 1807 1180 tes.
1840 1132 1910 1181 D.
1932 1129 2106 1181 Heius.

1772 1210 1838 1257 24
1871 1206 2063 1257 Laxata
2089 1206 2293 1271 mide]
2325 1205 2771 1258 Decreseentibus

1710 1284 1850 1334 enim
1882 1283 2124 1335 membris
2154 1283 2375 1334 laxiores
2395 1283 2529 1333 finnt
2545 1282 2775 1334 habitus.

1775 1439 1968 1490 Luxata
1988 1440 2169 1492 casside
2182 1441 2339 1504 prodit
2364 1438 2627 1503 Canitiem]
2685 1439 2777 1488 Cu-

1711 1515 1857 1565 nities
1889 1530 1984 1581 pro
2024 1516 2227 1566 diversa
2255 1515 2479 1566 lectione
2511 1516 2567 1564 in
2604 1514 2775 1580 pruno

1712 1591 1988 1643 Vaticano.
2021 1592 2097 1642 D.
2122 1592 2296 1642 Heius.

1778 1671 1842 1716 25
1880 1665 2141 1730 Canitiem]
2172 1667 2347 1716 ‘l'alis
2322 1681 2433 1731 μοι
2456 1680 2520 1716 eo
2539 1671 2777 1729 tempore

1714 1743 2028 1809 fingebatur,
2076 1746 2219 1795 senio
2259 1745 2372 1810 ipso
2425 1743 2777 1849 pertendente

1714 1820 1934 1871 ruinam.

1780 1898 1974 1962 Mil]
2003 1898 2167 1949 Velut
2195 1912 2323 1948 onus
2345 1896 2635 1956 molestent,
2672 1910 2779 1947 non

1716 1976 1983 2026 tutricem.
2015 1976 2195 2025 Barth.

1782 2057 1847 2103 28
1880 2051 2378 2116 Mamn‘sTAliudit
2389 2049 2779 2115 promissionem

1718 2129 1966 2180 Romanis
1998 2130 2173 2179 datam
2204 2142 2236 2179 a
2257 2127 2395 2180 Jove
2427 2126 2568 2192 apud
2597 2127 2781 2176 Maro·

1717 2221 1854 2270 nem,
1905 2207 2166 2256 Venerem
2213 2205 2524 2270 alloquente,
2574 2204 2692 2254 AEn.
2739 2215 2781 2252 1.

1718 2284 1735 2313 4
1761 2285 1859 2334 His
1880 2299 1981 2349 ego
2002 2298 2098 2334 uec
2128 2290 2292 2334 metas
2316 2295 2511 2345 rerum,
2528 2295 2628 2331 nec
2651 2286 2783 2331 tem-

1719 2376 1850 2425 pora
1870 2376 2027 2424 pono,
2049 2360 2331 2423 Imperium
2353 2359 2464 2408 sine
2498 2356 2603 2407 fine
2622 2355 2765 2408 dedi.
2765 2355 2783 2380 ’

1785 2435 1957 2500 Nasci]
1993 2438 2113 2488 Non
2156 2436 2311 2487 aliter
2343 2449 2499 2502 quam
2534 2434 2675 2499 ipsos
2694 2434 2785 2484 ho-

1717 2514 1883 2565 mines
1907 2514 2084 2572 urbes
2121 2518 2180 2563 et
2209 2510 2439 2578 Imperia
2475 2511 2785 2564 autumabat

1721 2562 2041 2656 Antiquitas.
2073 2589 2251 2639 Barth.

1712 2694 1717 2701 ·
1784 2671 1851 2718 29
1882 2665 2054 2730 munt]
2076 2666 2300 2717 Firmani
2311 2663 2681 2715 auctoritatem
2697 2663 2785 2714 ha-

1719 2745 1861 2796 beut.
2761 2761 2768 2771 ·

1787 2822 1990 2871 Imota
2005 2820 2207 2886 Sibylla
2230 2819 2478 2884 Carmina]
2498 2818 2631 2868 Vide
2653 2818 2786 2868 Lac-

1722 2899 1961 2964 tantium,
2005 2899 2175 2949 Cicer.
2226 2911 2289 2947 ιι.
2348 2896 2580 2947 Divinat.
2647 2897 2783 2947 Qum

1721 2991 1979 3042 nunquam
2012 2975 2260 3025 frustrata
2280 2974 2550 3024 Romulam
2575 2980 2785 3036 gentem

1723 3053 1867 3104 canit
1885 3053 2147 3114 Tibullus,
2167 3051 2257 3102 lib.
2277 3064 2337 3101 11.
2362 3049 2427 3099 ad
2446 3048 2747 3113 Apollinem
2769 3065 2783 3099 ι

1722 3129 1740 3158 4
1760 3130 1839 3179 Te
1881 3130 2030 3178 Duce
2076 3128 2336 3178 Romanos
2363 3140 2624 3192 nunquam
2652 3125 2788 3176 frus-

1727 3212 1866 3257 trata
1887 3206 2087 3270 Sibylla
2107 3204 2220 3255 est.'
2252 3202 2431 3253 Barth.

1790 3287 1855 3333 8⁰
1892 3283 2120 3347 Tarpeius
2157 3280 2319 3352 aressl
2364 3282 2380 3310 4
2398 3280 2614 3344 Superis
2646 3278 2788 3331 habi·

1727 3359 1884 3410 tabile
1906 3358 2131 3410 Saxum!
2166 3357 2499 3422 Capitolium.
2537 3357 2688 3406 Iden.

1789 3436 1995 3500 Respuis
2022 3435 2175 3498 arces]
2219 3435 2304 3485 Sic
2344 3433 2562 3499 Gyrsld.
2602 3438 2658 3483 et
2694 3446 2789 3482 sex

1727 3512 1834 3562 alii.
1857 3514 2014 3563 etiam
2035 3512 2230 3576 primus
2260 3506 2548 3561 Vaticanus
2581 3524 2676 3572 pro
2712 3509 2789 3559 di-

1726 3603 1879 3639 versa
1910 3588 2152 3639 lectione.
2195 3588 2349 3652 vulgo
2370 3587 2589 3651 despicis.
2656 3587 2792 3638 Vide

1727 3682 1844 3732 qun
1887 3672 2123 3716 notamus
2157 3666 2353 3717 liban.
2396 3665 2463 3715 de
2509 3665 2666 3730 Rapt.
2710 3680 2788 3715 vs.

1727 3736 1843 3795 213.
1863 3760 1982 3793 mox
2006 3746 2215 3794 Araxem
2251 3749 2391 3792 recte
2416 3743 2553 3792 idem
2570 3741 2794 3805 Gyrald.

1728 3827 1783 3871 et
1804 3828 2005 3883 septem
2021 3836 2088 3871 ex
2104 3820 2313 3870 nostris.
2379 3820 2465 3869 De
2487 3818 2638 3869 Oaxe
2662 3819 2793 3867 Cre-

1730 3904 1797 3947 tae
1850 3894 2008 3946 fluvio
2051 3896 2248 3947 frustra
2300 3902 2420 3947 sunt
2457 3897 2793 3959 interpretes.

1734 3976 1903 4023 Oaxen
1926 3974 2027 4037 pri.
2052 3973 2290 4023 Vatican.
2326 3974 2397 4022 D.
2421 3973 2593 4022 Heius.

1793 4055 1854 4100 sl
1894 4052 2006 4100 Νοιι
2026 4056 2080 4100 ut
2096 4051 2333 4114 proculcet
2348 4046 2554 4109 Oaxen]
2577 4047 2791 4099 Servius

1729 4127 1935 4178 Oaxem
1974 4127 2199 4193 Scythiae
2243 4140 2446 4176 amnem
2484 4137 2602 4174 esse
2643 4122 2796 4176 dicit.

1793 4285 1857 4332 8³
1891 4280 2040 4348 Sum]
2072 4280 2237 4346 Regia
2257 4278 2555 4343 Persarum,
2577 4278 2795 4344 sagitta-
