2992 4925
473 390 648 457 1654

471 538 683 610 bantur,
705 561 843 597 nuuc
865 547 1023 597 etiam
1044 546 1332 610 superstite
1348 545 1540 595 nostris

473 625 722 677 nmribns.
801 623 1113 674 Claudianus
1151 621 1361 672 thalami
1397 629 1541 672 serta

475 702 664 753 exinde
683 709 851 752 vocat.
921 701 1059 750 Hinc
1087 698 1311 750 Veneris
1333 698 1541 778 conscia

392 820 405 839 ,f
474 778 959 844 nuptialis.Baert12.

545 856 712 915 Quin
693 871 798 920 apsa
815 855 1058 919 tubarum]
1078 856 1125 906 N
1132 868 1200 904 on
1215 854 1402 919 quippe,
1423 853 1541 903 libri

475 948 591 987 cum
628 931 800 984 Aldo:
844 938 904 982 et
935 946 1053 981 mox
1091 946 1183 996 quo
1213 930 1383 980 moeaia
1410 946 1540 980 unus

475 1011 665 1061 Petav.
722 1012 791 1061 D.
814 1010 989 1060 Heius.

542 1091 637 1138 14⁷
675 1087 874 1137 Placete
880 1085 1084 1149 fitlgure
1105 1086 1326 1150 vernant]
1361 1086 1542 1136 Pacato

474 1161 643 1214 Aldus
664 1169 720 1213 et
739 1163 955 1228 scripti:
996 1162 1234 1213 similiter
1263 1163 1402 1227 apud
1423 1163 1542 1212 Sta·

476 1241 608 1291 tium
653 1240 844 1291 Achill.
872 1240 1172 1306 legendum,
1207 1239 1299 1291 nbi
1327 1240 1394 1289 de
1419 1240 1542 1290 Pal-

477 1317 596 1367 lade
619 1318 759 1381 agit.
746 1334 758 1347 ·
796 1318 812 1347 ⁸
831 1323 1075 1382 exempta
1098 1321 1317 1381 pacetur
1338 1316 1543 1366 casside

476 1394 686 1447 vultus)
723 1395 920 1445 Noster
944 1394 1098 1444 alibi.
1134 1394 1384 1459 ‘pudeat,
1409 1394 1543 1444 Gra

476 1467 618 1534 dive,
659 1486 866 1522 secures
898 1472 1101 1567 Pacata
1123 1477 1331 1535 gestare
1351 1471 1542 1524 manu.'

543 1628 639 1675 148
676 1626 986 1676 Partheni-ms
1042 1626 1234 1676 canibus
1302 1631 1545 1676 scrutans·

477 1701 686 1765 odorem]
720 1701 1099 1752 Revocavimus
1134 1703 1397 1768 antiquam
1437 1704 1543 1753 lec-

478 1779 689 1830 tionem.
754 1779 968 1844 Vulgati
1011 1779 1180 1829 odor-ia
1228 1780 1545 1830 Parthenium

478 1858 667 1907 odorem
696 1857 851 1919 dixit,
889 1863 946 1907 ut
962 1860 1157 1920 pratum
1176 1858 1418 1907 mmm
1441 1858 1546 1907 Ne·

475 1933 762 1985 mesianus:
799 1934 815 1961 ‘
842 1934 1082 1998 Namque
1108 1939 1164 1983 et
1184 1934 1400 1983 odorato
1434 1948 1548 1983 nos·

477 2015 607 2059 cunt
629 2010 848 2075 vestigia
871 2016 1023 2075 prato
1043 2010 1075 2059 τ’
1113 2018 1169 2060 et
1197 2011 1371 2060 olidum
1392 2011 1546 2061 cubile

477 2087 703 2139 Rutilius
716 2087 994 2138 Itinerario
1014 2104 1029 2139 z
1052 2092 1067 2115 ‘
1087 2087 1441 2138 Instrumenta
1455 2102 1545 2152 pn-

476 2170 561 2213 rat
600 2165 823 2217 venandi
867 2164 1067 2215 villicus
1109 2165 1319 2229 hospes,
1363 2163 1545 2229 Atque

475 2241 670 2293 olidum
712 2242 892 2291 doctas
935 2256 1087 2291 nosse
1139 2241 1312 2291 cubile
1355 2240 1547 2292 canes?

477 2317 680 2367 Notum
712 2318 874 2367 Loevii
895 2315 1124 2381 μείουρον.
1172 2318 1188 2346 ‘
1213 2318 1398 2381 Dirige
1421 2318 1545 2368 odo-

479 2394 714 2458 risequos
731 2393 796 2442 ad
814 2400 964 2443 certa
985 2392 1179 2444 cubilia
1195 2393 1389 2443 canes!
1417 2395 1545 2443 Odo-

475 2472 548 2521 ris
584 2470 639 2520 in
680 2471 955 2521 venatione
989 2471 1149 2521 etiam
1170 2471 1406 2522 meminit
1426 2473 1545 2522 Vir-

479 2548 569 2612 gil.
592 2560 692 2597 vn.
714 2549 729 2576 ‘
751 2548 960 2597 canibus
983 2546 1177 2597 rabiem
1202 2548 1422 2613 Cocytia
1441 2550 1545 2599 vir-

478 2639 543 2688 go
584 2623 808 2690 Objicit‚
843 2630 899 2675 et
933 2630 1060 2675 noto
1097 2639 1250 2675 nares
1289 2627 1546 2691 contingit

478 2700 672 2752 odore!
704 2700 857 2753 Silius
883 2701 976 2753 lib.
998 2715 1053 2752 x.
1072 2702 1089 2730 ‘
1104 2710 1422 2767 conceptum
1433 2718 1544 2754 sec-

479 2783 620 2828 tatus
643 2777 877 2842 odorem,
895 2777 1189 2842 Deprendit
1206 2779 1385 2844 spissis
1401 2795 1544 2831 arca·

478 2869 549 2905 na
592 2854 780 2906 cubilia
813 2855 1016 2905 dumis.'
1067 2857 1267 2908 Seneca
1302 2858 1547 2924 Thyeste,

478 2939 581 2985 act.
598 2945 686 2983 111.
701 2936 716 2961 ‘
735 2932 822 2983 Sic
838 2937 954 2983 cum
966 2931 1106 2983 feras
1123 2934 1354 2999 vestigat
1367 2942 1420 2985 et
1436 2935 1546 2985 lon·

479 3023 544 3074 go
589 3023 752 3074 sagax
799 3007 937 3059 Loro
978 3015 1186 3059 tenetur
1231 3009 1448 3073 Umber,
1482 3026 1546 3061 ac

477 3099 657 3150 presso
691 3086 803 3135 vias
839 3085 1116 3136 Scrutatur
1150 3100 1259 3149 ore,
1282 3087 1404 3137 dum
1429 3103 1547 3152 pro·

479 3162 566 3218 cul
588 3161 729 3211 lento
751 3175 895 3211 suem
919 3161 1100 3213 Odore
1122 3162 1317 3213 sentit.'
1375 3165 1548 3214 Maro-

477 3238 689 3288 nianum
709 3237 839 3287 illud
876 3238 891 3265 ‘
915 3237 1077 3287 odora
1108 3253 1294 3289 canum
1326 3240 1419 3290 vis’
1450 3256 1548 3305 pro

477 3314 693 3379 vulgatu
706 3312 880 3364 facere
898 3314 1159 3378 scriptura
1181 3316 1346 3378 possit
1363 3315 1546 3369 videri.

479 3390 575 3442 sed
590 3395 824 3446 vetustos
843 3391 1050 3442 codices
1065 3390 1151 3440 hic
1171 3403 1377 3456 sequor.
1395 3392 1545 3443 Idem.

545 3470 640 3518 160
676 3466 859 3528 Im'ecta
915 3465 1129 3529 tandein]
1194 3467 1308 3517 Imo
1359 3473 1564 3518 tantum·

476 3558 596 3598 cum
616 3543 844 3608 scriptis.
880 3545 1027 3594 Idem.

545 3624 640 3674 tm
674 3620 886 3686 Repm]
939 3620 1171 3686 Suffitas,
1214 3619 1540 3686 improvisus.

481 3696 662 3748 Barth.

544 3778 639 3823 163
681 3773 818 3828 Velut
838 3774 1067 3838 occultus]
1124 3745 1433 3826 Cuniculum
1457 3791 1543 3827 ac-

478 3854 589 3904 tum
632 3850 812 3900 subter
850 3853 1060 3916 moenia,
1101 3858 1157 3902 et
1192 3853 1244 3902 in
1277 3853 1544 3904 obsessam

477 3926 660 3977 urbem
682 3928 1074 3992 irrumpentem,
1097 3929 1367 3981 describit.
1390 3932 1541 3981 Idem.

543 4003 722 4053 Prodit
755 4004 809 4054 iu
838 4004 1037 4069 hostem]
1092 4007 1268 4070 Pergit
1305 4010 1542 4074 scripti.;

368 4095 373 4100 ·
477 4080 735 4147 quomodo
770 4087 826 4130 et
868 4079 1111 4145 Virgilius
1146 4083 1401 4150 dixerat,‘
1423 4101 1542 4151 pet-

478 4156 676 4222 3ereiu
695 4156 929 4208 hostem.'
995 4159 1125 4210 Mox
1161 4162 1307 4216 clauos
1343 4177 1446 4220 non
1468 4163 1542 4213 in-

475 4234 627 4288 auo·
660 4240 803 4287 recte
837 4235 999 4290 iidem
1021 4237 1233 4304 scripti:
1276 4239 1391 4291 aliis
1425 4239 1542 4304 jam

477 4310 660 4363 visum.
691 4310 761 4362 D.
783 4311 959 4365 Heius.

788 404 1009 454 NO'I'AE
1050 401 1458 454 vamotwu
1507 400 1590 449 IN
1640 399 1754 450 cl..
1800 399 2079 448 antJn.
2125 397 2384 447 XXXV·

1686 545 1784 592 los
1816 540 2020 591 Saturni
2054 538 2346 605 tenebroso]
2363 537 2688 645 Membrana

1617 619 1865 671 latebrosa.
1901 620 2069 669 Idem.

1684 702 1794 748 171.
1807 700 2038 762 Duraque
2053 699 2190 747 deum
2210 704 2436 759 compage
2449 693 2694 761 tenebunt]

1617 778 1776 828 Multi
1810 777 2077 842 Siculaque,
2112 778 2419 841 perperam:
2454 788 2575 823 nam
2613 773 2694 823 St·-

1617 856 2005 919 cnloesequitur.
2058 852 2537 916 Isingr.solitaque,·
2573 851 2692 914 lego

1616 933 1869 997 ”quue-
1902 933 2095 982 Lucan.
2135 931 2224 980 lib.
2264 943 2344 980 η.
2392 930 2408 956 ‘
2431 929 2488 978 Si
2519 928 2694 978 solida

1620 1009 1787 1073 Libye
1804 1022 2057 1099 compage
2072 1017 2130 1057 et
2143 1007 2377 1071 pondere
2393 1004 2525 1054 duro
2539 1005 2693 1055 Clam·

1619 1086 1771 1135 deret
1802 1086 1974 1136 exesis
2018 1085 2267 1136 Austrum
2301 1084 2574 1199 scopulosa
2608 1097 2694 1133 ca·

1619 1162 1829 1213 vernisss
1864 1162 2014 1212 Idem.

1684 1243 1782 1290 172
1820 1239 2037 1303 Mau]
2071 1239 2300 1304 Ingenti.
2333 1237 2514 1288 Barth.

1686 1320 1779 1366 1⁷8
1813 1315 1991 1366 Sicnlae
2028 1331 2223 1367 sennen
2257 1315 2490 1379 coverne]
2520 1316 2694 1381 Scrip²

1619 1394 1662 1444 ti
1706 1394 1942 1444 nonnulli
1981 1398 2209 1451 tonuere,-
2239 1394 2452 1444 rectius.
2507 1392 2696 1457 virgil.

1617 1469 1733 1520 AEn.
1755 1483 1848 1521 ιιι.
1883 1470 1899 1499 ⁸
1917 1469 2174 1521 horrificis
2185 1470 2348 1534 juxta
2365 1475 2518 1520 toust
2535 1471 2697 1520 AEtna

1619 1546 1814 1597 ruinis!
1853 1546 1936 1596 De
1972 1546 2158 1597 endem
2194 1546 2350 1596 Silius
2391 1558 2516 1595 xnr.
2555 1548 2572 1574 ‘
2597 1556 2696 1609 per

1619 1637 1785 1675 eaecos
1808 1629 1955 1674 tonat
1971 1623 2262 1689 irrequieta
2272 1621 2547 1688 fragores-⁹
2578 1624 2695 1673 Sta·

1622 1701 1742 1763 tius,
1759 1700 1923 1750 Theb.
1940 1714 2034 1752 ιιι.
2074 1702 2089 1727 ‘
2113 1700 2298 1764 procul
2321 1700 2506 1762 igneus
2526 1699 2694 1749 antris

1619 1780 1774 1829 Mons
1812 1784 1975 1841 tonat,
2010 1779 2279 1829 exundant
2301 1775 2479 1840 apices
2497 1775 2530 1824 :'
2553 1774 2694 1840 quod

1620 1862 1800 1906 noster
1836 1855 2069 1905 imitatus
2107 1854 2275 1904 iufraz
2320 1854 2337 1880 ‘
2377 1854 2695 1917 Compressu

1620 1946 1768 1982 mons
1812 1932 1932 1996 igue
1967 1931 2150 1982 tonat!
2203 1930 2326 1982 Val.
2360 1930 2579 1980 Flaccus
2616 1942 2698 1981 tv.

1621 2010 1637 2038 ‘
1652 2008 1741 2059 Sic
1759 2008 1845 2059 nbi
1863 2009 2113 2073 praerupti
2130 2009 2299 2059 tonuit
2316 2023 2433 2061 cum
2449 2006 2698 2059 forteVe·

1622 2087 1732 2136 sevi
1749 2087 2024 2150 Hesperiae
2033 2086 2243 2137 lethalis
2257 2085 2427 2151 apex!
2442 2086 2695 2136 afleta.

1688 2168 1783 2214 177
1824 2166 1893 2214 Et
1932 2165 2016 2229 qni
2054 2169 2105 2214 te
2141 2163 2278 2227 lotis]
2329 2164 2451 2213 Duo
2477 2163 2697 2215 Juniani

1623 2245 1679 2290 et
1703 2255 1833 2290 unus
1861 2240 2100 2291 Ambros-
2122 2240 2303 2303 Lsts‘is,
2340 2245 2396 2289 ut
2415 2254 2548 2304 puer
2570 2240 2695 2290 olim

1622 2317 1948 2381 conjeceram
1968 2333 1981 2367 ε
1999 2316 2076 2367 sic
2091 2317 2261 2367 ¹Latios
2274 2316 2541 2380 triumphos
2559 2315 2697 2365 dixit

1623 2407 1698 2445 vr.
1722 2394 1878 2445 Cous.
1902 2395 2044 2445 Hon.
2085 2394 2101 2422 ‘
2127 2393 2363 2445 Candida
2401 2393 2491 2458 qui
2528 2393 2696 2447 Latiis

1622 2471 1862 2535 proebent
1909 2479 2145 2523 armenta
2186 2469 2489 2535 triumphis?
2567 2470 2695 2520 Pari

1620 2549 1777 2598 modo
1799 2555 2047 2612 peccetur
2064 2547 2200 2613 apud
2221 2547 2422 2609 Silium,
2437 2547 2574 2597 libro
2593 2557 2694 2597 ιιι.

1621 2625 1710 2675 illo
1757 2640 1941 2676 versu:
1992 2630 2009 2655 ‘
2036 2638 2277 2676 resonare
2320 2622 2537 2673 docebit
2589 2622 2693 2673 Hic

1621 2701 1785 2753 Latiis
1825 2702 2081 2754 Helicona
2121 2702 2289 2752 modis
2309 2701 2342 2751 τ’
2384 2698 2697 2766 frequentis-

1619 2780 1749 2831 sime
1764 2781 1852 2832 hic
1874 2796 2023 2832 error
2042 2797 2074 2832 a
2097 2779 2319 2831 libr-ariis
2342 2778 2542 2843 supinis
2558 2791 2694 2829 com·

1619 2858 1824 2909 missus.
1902 2858 2055 2908 Vidit
2109 2859 2205 2908 hoc
2255 2858 2392 2908 curis
2446 2857 2695 2907 secundis

1623 2933 1868 2984 Barthins
1890 2950 1904 2983 z
1936 2934 2125 2983 similes
2146 2948 2322 2983 naevos
2345 2932 2549 2983 Nasoni
2566 2933 2694 2983 mul-

1621 3009 1689 3060 tis
1707 3010 1760 3059 in
1784 3010 1909 3061 locis
1931 3010 2253 3061 detersimus.
2307 3008 2602 3075 Sequentia
2626 3024 2693 3060 ex

1620 3085 1723 3136 illis
1759 3085 2078 3136 Maronianis
2102 3101 2352 3151 expressa
2371 3092 2494 3136 sunt
2510 3103 2526 3136 z
2563 3086 2580 3116 ⁸
2604 3101 2695 3136 un·-

1622 3160 1744 3212 dam
1764 3161 1894 3212 levis
1913 3163 2113 3213 innatat
2131 3163 2276 3213 alnus
2315 3162 2484 3212 Missa
2504 3161 2693 3214 Pado.'

1622 3236 1775 3288 Idem.

1686 3318 1785 3364 179
1817 3315 1923 3379 Sic,
1956 3330 2081 3379 cum,
2117 3314 2226 3379 ξω]
2259 3315 2538 3380 Stagnavit
2570 3271 2693 3366 olim

1619 3392 1884 3443 Thessalia
1902 3395 1986 3458 (nt
2005 3393 2078 3444 ait
2095 3390 2315 3459 Strabo)
2336 3392 2431 3443 sed
2451 3398 2573 3458 post
2590 3398 2695 3444 teti·

1620 3483 1693 3519 rae
1715 3475 1913 3519 motum
1935 3469 2145 3534 abrupti
2166 3475 2391 3530 montes,
2417 3476 2581 3534 atque
2604 3469 2694 3525 da(-

1620 3552 1705 3598 tus
1746 3547 1893 3612 aquis
1936 3547 2123 3598 exitus.
2204 3546 2280 3596 At
2321 3545 2595 3598 Diodorus
2638 3552 2695 3597 et

1616 3622 1815 3672 Seneca
1836 3620 1890 3671 id
1912 3622 2148 3686 Herculi,
2169 3637 2283 3672 non
2304 3622 2464 3674 etiam
2488 3623 2694 3689 Neptu-

1617 3711 1685 3747 no
1707 3699 1964 3749 tribunnt.
2002 3700 2191 3750 clover.

1684 3780 1780 3826 180
1807 3778 2245 3842 Peneum-ante]
2272 3778 2521 3844 Alioquin
2538 3791 2694 3844 gran·

1619 3851 1697 3902 dis
1723 3852 1806 3904 bic
1823 3852 2033 3917 fluvius,
2057 3861 2244 3920 utpote
2263 3855 2317 3904 in
2333 3856 2480 3920 cujus
2499 3871 2691 3914 nomen

1618 3930 1833 3981 veniant
1863 3937 2105 3997 quatuor,
2146 3939 2239 3984 aut
2260 3932 2537 3986 duodecim
2560 3933 2693 3984 adeo

1618 4008 1737 4073 ipsi,
1759 4009 1864 4059 alii.
1898 4009 2076 4058 Barth.

1685 4087 1757 4138 Et
1777 4100 1931 4136 mersa
1966 4090 2166 4148 negaret
2202 4084 2337 4137 Arva
2373 4085 2489 4148 coli]
2527 4088 2688 4150 Nega-

1616 4169 1725 4214 νεκύ
1757 4170 1962 4228 septem
1984 4164 2100 4214 libri
2124 4178 2217 4227 pro
2239 4168 2528 4227 recusas-me,
2548 4164 2688 4229 quod

1617 4254 1828 4294 verumz
1868 4239 1958 4290 lib.
1998 4254 2038 4291 1.
2081 4240 2137 4290 in
2180 4241 2403 4304 Eutrop.
2442 4241 2458 4269 ‘
2478 4242 2685 4300 caedere

1615 4317 1757 4382 ligno
1776 4317 1965 4370 culinoe
1984 4316 2226 4368 Membra
2241 4316 2473 4382 negant?
2508 4316 2684 4381 Silius,
