2992 4925
536 435 711 509 1766
1205 444 1596 501 asenneus
1644 447 2077 502 Bm‘rtomm

530 641 549 653 =
623 608 732 672 De
796 601 1096 669 Walchii
1165 598 1499 680 Versione
1557 599 1962 667 Germanica
2016 602 2288 667 scribit
2322 599 2742 670 Harleeius.
2723 615 2742 636 ⁸

538 708 621 774 In
663 706 980 774 vertendo
1043 704 1275 770 melius
1328 708 1628 768 versatus
1689 709 1796 769 est
1837 701 2195 770 Walohius'
2259 724 2466 789 quam
2520 707 2754 772 aue-lm

536 808 883 875 Ver-sionis
924 807 1247 883 metricae,
1278 804 1607 868 claudian
1651 804 1853 871 Raub
1883 806 2000 871 der
2041 807 2465 898 Proserpina,
2499 806 2598 870 de
2613 823 2747 890 qua

542 903 815 976 Harles.
846 910 1026 973 alibi.
1058 908 1308 972 Hamb.
1342 907 1535 970 1784.

627 1011 997 1078 Claudians
1043 1011 1248 1076 Raub
1278 1009 1395 1073 der
1426 1008 1872 1093 Proserpina·
1854 1053 1873 1091 ‚
1939 1010 2008 1075 in
2034 1011 2100 1075 3.
2131 1009 2463 1076 Buchern.
2496 1008 2751 1078 Hamb·

541 1114 736 1180 1784
762 1115 916 1180 Svo.
1003 1115 1247 1180 Versio
1276 1118 1381 1177 est
1406 1112 1719 1178 metrica·
1701 1158 1721 1194 ,
1768 1118 1859 1191 at,
1888 1114 1983 1178 ait
2013 1112 2356 1198 Kliigling‚
2386 1113 2736 1200 languet..x

626 1214 1021 1283 Versionem
1052 1217 1319 1301 Raptus
1353 1214 1777 1298 Proserpinae
1813 1216 2029 1284 ‚edidit
2070 1218 2169 1281 vir
2200 1216 2376 1281 Rev.
2409 1214 2753 1282 Ricardus

541 1317 905 1398 Polwhele,
938 1319 1425 1385 DevoniensiS.
1489 1320 1681 1381 extat
1728 1318 1799 1381 in
1846 1318 2156 1403 ejusdem
2196 1318 2561 1403 OperibuS‚
2591 1317 2752 1383 svo.

544 1421 763 1488 Lond.
794 1424 993 1488 1790.

633 1524 812 1590 Carl.
843 1525 1071 1589 Fried.
1117 1524 1609 1592 Kretschmann
1657 1524 2130 1590 Literarischer
2169 1523 2646 1588 Briefwechsel
2669 1539 2761 1588 an

544 1627 695 1693 eine
755 1626 1049 1691 Frindin.
1108 1625 1267 1692 Svo.
1330 1628 1579 1693 Zittav.
1634 1633 1699 1692 et
1731 1626 1920 1710 Lips.
1974 1626 2170 1691 1797.
2261 1626 2509 1691 Praeter
2566 1622 2758 1690 Vitae

547 1726 899 1793 Claudiani
930 1729 1195 1793 brevem
1242 1728 1762 1795 illustrationem
1793 1728 2084 1792 continet
2117 1727 2252 1790 hoc
2285 1725 2601 1791 volumen
2621 1743 2761 1789 rne-

546 1831 777 1896 tricam
808 1830 1118 1894 carminis
1162 1835 1396 1895 contra
1443 1832 1761 1896 Rufinum
1805 1830 2415 1914 interpretationem
2445 1829 2762 1893 aliorum-

543 1953 679 2017 que
711 1930 1066 1999 Claudiani
1096 1932 1504 2015 poematum.
1594 1931 1913 2016 Repetita
1933 1935 2039 1995 est
2065 1928 2221 1995 8νο.
2271 1929 2462 2013 Lips.
2491 1928 2688 1994 1811.
2723 1960 2736 1966 -

538 2081 543 2096 ,
632 2034 765 2099 Les
810 2033 1109 2097 OEuvres
1152 2034 1236 2098 de
1282 2033 1391 2099 cl.
1440 2035 1790 2112 Claudien,
1837 2053 1960 2118 par
2003 2032 2274 2111 Lateur,
2316 2034 2383 2097 2.
2415 2039 2574 2098 tom.
2603 2032 2760 2098 Sco.

546 2137 765 2202 Paris.
794 2137 992 2202 1799.
1083 2134 1264 2201 Haec
1293 2138 1638 2202 volumina
1675 2137 1902 2203 omnia
1946 2134 2296 2200 Claudiani
2326 2135 2552 2220 Opera
2577 2154 2762 2199 com-

546 2239 945 2322 plectuntur,
975 2245 1046 2302 et
1072 2242 1296 2303 textus
1327 2241 1686 2305 comitatur
1713 2239 2019 2305 Latinus·

538 2373 549 2382 -
634 2340 924 2406 Gedicht
949 2340 1158 2405 wider
1183 2341 1311 2436 den
1340 2341 1569 2406 Rufin.
1603 2342 1732 2406 Per
1751 2341 1824 2406 J.
1858 2341 1938 2404 F.
1961 2339 2344 2426 Ratschky.
2365 2340 2519 2406 8νο.
2547 2338 2759 2424 Vind.

547 2441 741 2525 1801,
830 2441 1011 2508 Haec
1040 2447 1142 2508 est
1166 2444 1386 2510 versio
1416 2442 1851 2523 Germanica,
1896 2449 2086 2510 textu
2115 2442 2360 2509 Latino
2399 2442 2612 2528 juxta
2640 2462 2761 2528 po-

550 2545 703 2610 sito.
795 2544 1030 2609 Habet
1055 2546 1257 2610 etiam
1285 2545 1761 2611 illustrationes
1793 2547 1881 2611 ab
1906 2546 2164 2611 editore
2196 2545 2644 2611 Germanico„
2741 2582 2748 2593 ·

637 2644 742 2711 Cl.
771 2646 1125 2712 Claudiani
1150 2646 1417 2732 Opera:
1464 2648 1817 2727 recensuit,
1851 2652 1920 2712 et
1946 2647 2288 2732 perpetuis
2324 2648 2763 2716 annotationi-

548 2749 675 2814 bus
719 2748 1076 2816 illustravit
1124 2750 1211 2816 G.
1243 2750 1324 2817 L.
1348 2751 1621 2834 Koenig.
1674 2752 1739 2816 2.
1766 2751 1906 2818 vol.
1946 2750 2102 2816 Svo.
2143 2750 2523 2832 Gottingen.
2568 2751 2760 2818 1808.

552 2848 732 2917 Haec
780 2852 985 2918 editio
1014 2855 1304 2919 omnium
1334 2850 1691 2919 Claudiani
1712 2853 2103 2939 poematum
2146 2858 2251 2917 est
2279 2852 2677 2932 novissima,
2720 2872 2761 2917 a

547 2957 911 3040 peregrinis
940 2956 1146 3036 edita,
1171 2976 1374 3040 quam
1405 2957 1604 3021 nobis
1625 2957 1904 3039 contigit
1926 2956 2215 3035 vidisse3
2262 2961 2332 3019 et
2357 2956 2528 3019 bene
2555 2955 2759 3021 audit.

548 3056 942 3122 Lectoribus
973 3059 1226 3143 quippe
1265 3059 1526 3142 praebet
1569 3063 1829 3123 textum
1862 3062 2247 3136 correctum,
2280 3057 2762 3141 Prolegomena

548 3159 718 3224 satis
765 3159 1012 3243 ampla,
1051 3167 1123 3224 et
1151 3161 1383 3225 seriem
1428 3160 1678 3225 Rerum
1713 3158 2077 3225 Gestarum
2124 3178 2167 3222 a
2214 3158 2500 3223 Valente
2547 3178 2761 3245 usque

550 3259 638 3324 ad
668 3259 1031 3325 Arcadium
1059 3267 1125 3325 et
1150 3262 1527 3327 Honorium
1561 3282 1651 3327 ex
1685 3262 2049 3340 ¹Claudiani
2090 3262 2518 3334 Carminibus
2565 3261 2759 3326 ador-

547 3369 776 3428 natam
813 3367 881 3427 et
909 3382 1028 3447 per
1075 3382 1287 3430 annos
1314 3365 1687 3449 digestam3
1727 3371 2116 3449 argumenta
2155 3366 2498 3430 uberrima
2537 3363 2757 3429 Libris

547 3464 1001 3550 praefiguntur,
1033 3472 1104 3531 et
1157 3465 1637 3535 Commentarii
1678 3469 1889 3534 lucidi
1938 3474 2007 3534 et
2052 3468 2297 3534 eruditi
2340 3468 2564 3533 textui
2609 3464 2756 3532 sub-

543 3566 937 3652 junguntur.

632 3669 781 3735 The
841 3670 1043 3756 Rape
1094 3674 1175 3738 of
1222 3675 1622 3760 Proserpine
1680 3676 1814 3741 and
1869 3676 1980 3741 the
2038 3680 2172 3740 two
2228 3671 2445 3737 books
2500 3670 2757 3754 against

552 3769 864 3852 RufinuS,
914 3775 1073 3840 with
1129 3777 1371 3857 othem,
1439 3779 1615 3843 from
1664 3778 2022 3844 claudian.
2140 3775 2320 3842 Haec
2380 3773 2757 3857 Anglicma

548 3875 852 3940 versione
893 3875 1165 3943 donavit
1195 3880 1241 3945 J
1248 3926 1265 3943 .
1285 3880 1375 3946 G.
1394 3881 1631 3948 Strutt.
1721 3880 2057 3966 Inter-pres
2096 3878 2415 3943 audacem
2439 3876 2754 3959 majam-

550 3976 684 4038 tem
704 3981 772 4041 et
801 3978 1064 4044 vividas
1109 3983 1403 4065 picturas
1445 3982 1668 4068 poetae
1706 4004 1842 4051 non
1886 3984 2052 4049 satis
2104 3980 2421 4046 audacter
2471 3975 2751 4058 refingit,

546 4071 822 4142 laudem
846 4084 1072 4147 tamen
1098 4091 1380 4151 meretur
1408 4087 1659 4166 versio,
1694 4088 1948 4172 quippe
1990 4084 2283 4170 poetica,
2310 4086 2381 4145 et
2408 4077 2750 4163 elegantiae

548 4179 841 4262 sapiens.
940 4184 1375 4254 Praefatorius
1429 4189 1776 4255 discursus
1827 4188 2078 4266 brevia,
2130 4182 2480 4250 occasioni
2501 4234 2506 4241 .
2525 4183 2749 4264 aptus,

546 4279 934 4366 Praefigitur,
993 4293 1057 4354 et
1114 4307 1351 4374 paucae
1369 4292 1866 4378 'subjunguntur
1916 4286 2400 4356 annotationes.
2492 4281 2748 4349 Minora
