2992 4925
1004 396 1104 446 1³13
1150 398 1252 447 VI·
1296 394 1510 448 CONS.
1554 396 1838 448 BONOR-

294 568 303 575 ·
340 538 351 545 ⁵
389 538 492 593 Sao
506 538 735 604 inemo]
754 541 1167 606 Elegantissime.
1203 538 1387 592 Omnis

326 619 467 668 enim
510 619 706 669 Alarici
742 633 879 682 spes,
913 617 1142 679 fortuna,
1179 624 1235 666 et
1276 617 1390 680 ipsa

292 718 303 725 ·
325 694 436 745 vita
456 697 809 747 consistebant
831 697 885 745 in
906 696 1005 746 boc
1034 696 1214 758 milite,
1235 708 1388 758 quem

323 771 600 821 cedentem
640 772 840 834 videns,
878 786 1021 821 suum
1053 771 1154 820 sibi
1188 771 1388 834 saugui-

289 870 295 879 ·
325 844 445 896 nein
463 848 716 898 decedere
738 849 882 897 velut
896 847 1173 897 sentiebat.
1213 848 1385 897 Barth.

388 926 488 972 259
524 925 746 987 Cybeleia
783 924 906 987 oera]
998 924 1389 987 Tintinnabula,

236 1008 243 1015 '
294 1026 303 1029 -
325 1000 557 1063 qualibus
581 1001 888 1066 strepebant
916 1003 1097 1051 matris
1118 1002 1288 1050 Deum
1311 1000 1387 1050 illi

328 1079 528 1140 egregii
549 1080 847 1129 sacerdotes
870 1080 1116 1129 semiviri.
1149 1080 1302 1131 Idem.

385 1157 479 1202 261
523 1154 724 1204 Ίῖιυιίὲη
759 1156 979 1219 emuntur]
1031 1157 1242 1205 Cosam
1269 1168 1387 1205 curn

323 1226 530 1278 Tholos.
564 1229 634 1278 D.
663 1230 834 1282 Heius.

387 1309 487 1355 262
522 1306 821 1372 Exhaustus]
853 1306 1137 1372 Fatigatqs.
1188 1305 1387 1357 videns

323 1381 450 1430 nibil
475 1396 532 1431 se
551 1381 825 1446 proficere.
860 1383 1036 1433 Basili.

388 1461 488 1507 264
523 1458 742 1523 Perfida]
775 1459 897 1507 Non
918 1457 1057 1507 euim
1078 1457 1221 1507 illam
1240 1456 1309 1509 de
1330 1472 1387 1508 se

288 1553 297 1559 ·
323 1530 473 1596 spem
496 1532 769 1583 dederant.
803 1532 953 1583 Idem.

384 1611 483 1658 265
519 1608 772 1658 Proeclioeoe
803 1608 929 1672 voci]
983 1609 1205 1659 Maximi
1245 1610 1386 1661 enirn

315 1684 598 1737 affectuum
618 1688 868 1738 tumultus
896 1701 1077 1738 vocem
1100 1685 1388 1751 praeclude-

319 1775 379 1812 re
401 1764 589 1815 solent.
621 1764 774 1815 Idem.

290 1862 299 1867 ·
381 1843 481 1889 266
516 1841 677 1891 Frena
705 1842 854 1904 dolor,
886 1840 1132 1906 notoque]
1184 1840 1250 1891 'rb
1297 1856 1387 1905 que

322 1915 503 1967 delent
524 1919 723 1982 scripti.
757 1920 826 1971 D.
851 1919 1022 1970 Heius.

290 2012 297 2017 ·
384 1993 556 2058 Alpes]
590 1995 829 2059 Illyricos
873 2002 1074 2047 montes
1116 1995 1383 2060 intelligit.

318 2069 452 2120 Illac
495 2071 635 2122 enim
676 2071 878 2121 Italiam
919 2073 1180 2136 ingressus
1212 2072 1384 2124 fluerat

316 2143 578 2210 Alaricus,
593 2146 812 2197 maxima
826 2147 996 2197 omnia
1010 2162 1105 2212 spe
1121 2149 1382 2212 complex·

315 2235 397 2270 us.
432 2223 612 2273 Barth.

381 2301 497 2348 269·
514 2299 628 2349 Solo
655 2312 885 2363 peragens
905 2315 1010 2351 eum
1029 2316 1268 2351 murmure
1289 2301 1381 2352 bel-

316 2375 438 2440 lum]
468 2374 590 2425 Sola
603 2375 860 2440 jussione,
883 2379 993 2428 solo
1016 2384 1160 2428 motu
1189 2378 1379 2443 lingua

315 2457 516 2515 strages
561 2451 717 2502 daret
768 2452 1019 2520 undique,
1073 2469 1191 2505 cum
1235 2454 1382 2505 basta

280 2549 295 2556 ·
316 2534 563 2592 protenta
600 2523 868 2594 frangeret
898 2532 1141 2596 opposita
1175 2531 1382 2583 moenia.

368 2681 478 2732 279
514 2682 689 2745 Conco]
719 2682 1000 2734 Barbarica
1015 2682 1182 2748 hasta,
1202 2697 1304 2749 qua
1326 2693 1383 2735 et

316 2758 370 2807 in
394 2772 531 2824 equo
552 2761 849 2811 utebantur.
885 2761 1034 2810 Idem·

379 2839 478 2885 272
511 2837 693 2887 Debita
709 2837 994 2901 spectaculo]
1024 2835 1237 2887 Nemesi
1260 2851 1380 2887 suas

314 2925 398 2961 res
414 2920 650 2977 gerente.
696 2913 996 2963 Credebant
1016 2913 1154 2963 enim
1173 2920 1378 2962 veteres

312 2986 412 3036 hoc
449 3002 641 3037 numen
681 2987 953 3039 vindicare
988 2989 1160 3039 omnia
1192 3003 1379 3055 inagna

317 3060 463 3134 dicta
483 3069 539 3112 et
556 3061 715 3113 facta.
744 3065 902 3114 Idem.

280 3147 287 3156 ·
376 3143 472 3188 275
511 3139 800 3202 Nocentam]
869 3140 1132 3203 Fatemnr,
1192 3141 1377 3206 inquit,

280 3223 402 3263 'nos
423 3214 639 3265 meritos
679 3215 814 3264 hanc
846 3216 1066 3277 cladem,
1106 3230 1208 3265 nou
1235 3217 1375 3267 euim

287 3298 551 3370 ,nostrum
596 3298 712 3342 erat
755 3301 937 3344 contra
972 3292 1085 3343 fata
1127 3300 1218 3343 tua
1257 3294 1372 3344 niti.

288 3459 295 3464 ·
376 3446 477 3493 278
512 3444 636 3493 Ante
656 3444 933 3505 taumfelix
950 3444 1159 3507 αάὶίαηι]
1199 3445 1375 3495 Infini-

312 3525 392 3566 tas
426 3532 552 3569 sane
574 3519 787 3569 divitias
810 3520 1096 3583 collegerat
1119 3519 1374 3584 Alaricus,

283 3593 551 3679 ·spoliatis
572 3591 792 3657 Achaia,
814 3594 1013 3658 Attica,
1036 3597 1230 3659 Epiris,
1250 3597 1373 3661 luy-

284 3668 453 3728 ·rico;
489 3684 690 3735 quaque
724 3671 828 3721 iter
846 3671 1119 3733 habuerat,
1139 3687 1238 3723 nec
1260 3687 1376 3738 par-

309 3759 375 3794 va
397 3752 511 3795 erat
535 3760 653 3796 eum
669 3747 868 3797 virtute
888 3748 939 3797 ei
959 3747 1199 3798 felicitas.

378 3822 479 3871 Cea
500 3822 682 3885 legibus
702 3823 859 3887 exsul]
901 3823 1031 3875 Jure
1058 3826 1205 3875 velut
1240 3825 1378 3875 ordi-

309 3898 452 3946 nario
472 3897 631 3947 Italia
652 3900 828 3963 pulsus
862 3899 929 3948 ob
949 3901 1218 3950 commissa
1251 3898 1378 3951 faci·

310 3985 454 4023 nora.
487 3975 668 4025 Bur-tle.

290 4065 297 4070 ·
373 4053 473 4100 279
505 4050 767 4114 Addictue]
801 4052 1010 4114 Poenae3
1048 4053 1246 4103 Lictori
1260 4054 1375 4117 jam

310 4127 550 4177 traditus.

288 4213 295 4220 ’
375 4204 759 4269 floewrrvvivre
787 4204 1084 4272 sequentum]
1126 4197 1372 4274 sami-m

2356 378 2525 446 1589

1458 540 1779 603 imminente,
1801 540 1888 604 qni
1905 537 2325 605 comprehendat.
2341 538 2525 594 Barth.

1527 623 1627 668 289
1662 620 1783 675 Quae
1797 620 1955 684 primo
1975 620 2138 683 miser]
2179 618 2301 668 Non
2321 618 2524 671 invenit

1465 696 1603 745 unde
1647 697 1863 761 incipiat
1920 696 2244 746 miseriarum
2288 694 2524 747 ordinem

1461 764 1713 837 incipere,
1734 775 1809 824 sic
1833 774 2144 839 principium
2177 771 2524 823 canendarum

1460 850 1669 900 laudum
1704 865 1807 900 non
1856 851 2087 900 invenire
2124 849 2257 899 dicit
2287 848 2522 899 Claudia-

1459 940 1576 988 nus,
1598 938 1636 976 1.
1660 927 1858 978 Stilich.

1526 1005 1623 1052 282
1659 1003 1923 1067 Cruciatis]
1959 1002 2223 1052 cruciastis
2245 1001 2441 1051 rectius
2462 1001 2524 1050 lt·

1461 1076 1580 1126 bri:
1627 1092 1724 1142 pro
1761 1076 1913 1142 capta
1947 1080 2079 1128 male
2114 1084 2267 1142 roptae
2300 1076 2520 1141 Raphel.

1460 1152 1590 1200 Mox
1613 1155 1734 1217 lego
1760 1154 1881 1203 Fors
1902 1153 2083 1217 tulerit,
2106 1154 2187 1203 vel
2221 1153 2332 1202 sine
2361 1153 2525 1204 libris.

1461 1230 1532 1279 D.
1555 1229 1727 1281 Heius.

1526 1309 1625 1355 288
1657 1306 1860 1356 Finibus
1879 1306 1939 1355 ab
1959 1305 2214 1368 Ligurum]
2256 1305 2347 1355 Sic
2365 1304 2519 1370 prim.

1458 1382 1634 1432 Vatic.
1651 1382 1904 1447 quomodo
1921 1383 2306 1446 Raphelengius
2320 1386 2376 1432 et
2393 1382 2523 1431 Bar·

1459 1458 1604 1508 thius
1623 1473 1691 1507 ex
1714 1458 2027 1522 conjectura.
2094 1459 2299 1524 Reliqui
2319 1474 2350 1506 a
2370 1457 2521 1521 Ligu·

1456 1547 1582 1583 nm.
1648 1535 1820 1597 Vulgo
1850 1537 1913 1584 ad
1949 1535 2204 1598 figam.
2241 1533 2524 1597 complecti·

1460 1616 1544 1658 tur
1564 1611 1721 1660 etiam
1744 1612 1865 1661 libri
1881 1626 2076 1661 ornnes.
2141 1610 2345 1661 Finibus
2362 1609 2423 1659 ab
2438 1609 2524 1660 u-

1455 1688 1597 1750 gni-is
1612 1688 1925 1740 Oiselianus.
1957 1689 2112 1738 Idem.

1525 1767 1623 1813 290
1657 1764 1895 1827 Perpetuo
1953 1762 2135 1826 tracta]
2213 1760 2519 1826 Apenninus⁴

1460 1842 1600 1890 enim
1621 1842 1848 1891 mediam
1872 1849 2017 1892 secat
2037 1841 2265 1890 Italiam.
2308 1841 2490 1890 Barth.

1525 1918 2061 1982 Discriminatoequora]
2082 1917 2403 1967 Distu-minat
2415 1916 2519 1966 duo

1457 1996 1702 2046 Vaticani
1723 2002 1781 2046 et
1802 2011 1931 2046 unus
1953 1996 2138 2045 PetaV.
2151 1994 2291 2060 quod
2309 1996 2517 2059 placet:

1457 2072 1531 2121 ita
1554 2079 1612 2122 et
1633 2072 1751 2122 libri
1785 2079 1991 2122 veteres
2022 2070 2156 2121 libro
2186 2083 2227 2122 1.
2266 2070 2319 2119 in
2342 2067 2515 2120 Rufin.

1457 2151 1569 2203 1⁷5.
1609 2148 1682 2198 D.
1699 2147 1871 2198 Heius.

1436 2243 1441 2247 ·
1520 2228 1615 2274 291
1651 2223 1800 2274 Hanc
1832 2239 1920 2286 ego
1955 2220 2249 2285 continuam]
2302 2219 2519 2271 Variaut

1457 2301 1678 2364 scripti:
1729 2315 1855 2350 vera
1895 2300 2054 2349 lectio
2095 2299 2220 2358 Ιιυος
2259 2297 2518 2363 quomodo

1430 2390 1589 2427 ·uuus
1625 2378 1901 2428 Pulmanui
1937 2381 1993 2426 et
2013 2380 2217 2439 septem
2257 2373 2517 2423 enostris.

1432 2454 1593 2505 ·Hoec
1636 2469 1703 2504 ex
1756 2455 2062 2519 conjectura
2116 2450 2518 2515 Raphelengius.

1457 2533 1604 2582 Unus
1626 2533 1781 2581 etiam
1818 2531 2062 2581 Ambros.
2098 2529 2318 2578 continuo
2349 2541 2519 2576 cursu.-

1456 2610 1547 2659 sed
1589 2609 1758 2668 male3
1812 2609 1886 2657 sic
1911 2607 2089 2667 fugam
2129 2606 2321 2654 ten-den
2361 2602 2518 2667 paulo

1434 2693 1599 2750 ·post.
1665 2684 1728 2733 In
1753 2681 2239 2745 Rottendorphiano
2276 2679 2522 2740 Isinc'egof

1459 2775 1561 2827 quo
1581 2767 1635 2810 et
1657 2761 1805 2810 multi
1828 2766 2034 2808 veteaes
2055 2757 2310 2817 alludunt,
2332 2755 2385 2803 in
2408 2751 2521 2818 qui·

1455 2836 1553 2887 bus
1577 2837 1694 2888 Hic.
1735 2840 1751 2866 ‘
1769 2838 1903 2886 Haec
1940 2846 2254 2894 memorans,
2291 2831 2516 2880 instante

1455 2911 1629 2978 fugam
1647 2914 1934 2964 Stilichone
1956 2909 2198 2960 tetendit.
2201 2907 2219 2931 '
2274 2906 2426 2955 Idem.

1517 2995 1615 3041 293
1648 2991 1765 3040 Jam
1810 2990 2058 3052 desperata
2088 2982 2354 3045 nomnen]
2400 2980 2516 3029 Iino

1453 3066 1701 3116 wlaissens
1734 3079 1852 3115 curn
1889 3062 2073 3113 eodem
2113 3058 2359 3108 Ambros.
2409 3070 2516 3106 uno

1451 3142 1641 3193 Petav.
1664 3156 1768 3192 sec.
1784 3139 1955 3191 vatic.
1968 3143 2026 3188 et
2042 3135 2374 3188 Parnesiauo.
2405 3132 2514 3182 De-

1450 3217 1576 3268 inde
1594 3232 1785 3280 ηψπ,
1806 3231 1906 3265 non
1926 3205 2133 3276 meliore,
2152 3210 2354 3275 scripti.
2406 3208 2514 3258 Pro

1449 3293 1664 3343 omnibus
1679 3292 1882 3357 perustis
1900 3289 2196 3341 Oiselianus
2223 3291 2281 3336 et
2312 3283 2513 3334 Palati-

1451 3384 1548 3418 nus
1584 3384 1680 3433 pro
1713 3367 1919 3418 diversa
1961 3365 2202 3425 lectione,
2239 3359 2515 3425 peremptis.

1452 3446 1613 3568 Mat&
1648 3518 1802 3568 Fama
1821 3507 2035 3575 meliore]
2069 3513 2146 3561 Ut
2166 3515 2289 3559 ante
2312 3507 2513 3558 obitum

1451 3599 1626 3644 tamen
1645 3608 1785 3658 aegre
1806 3589 2005 3640 faciens
2026 3586 2279 3648 hostibus,
2294 3592 2351 3634 et
2369 3584 2511 3634 ultus

1450 3684 1603 3719 suum
1622 3683 1818 3719 casum.
1848 3664 2029 3715 Barth.

1515 3750 1612 3795 295
1645 3743 1853 3807 Propius
1882 3741 1954 3804 te]
1984 3741 2061 3789 Ut
2090 3738 2178 3788 vel
2205 3737 2316 3786 solo
2338 3742 2512 3785 trucu-

1449 3821 1595 3871 lento
1632 3823 1849 3882 aspectu
1892 3816 2137 3865 satiarem
2180 3812 2374 3875 odium,
2407 3825 2511 3875 quo

1449 3896 1712 3946 excidium
1735 3894 1832 3943 tibi
1857 3905 2115 3944 voveram.
2149 3889 2297 3938 Idem.

1514 3977 1614 4024 299
1647 3970 1930 4033 Emer-tam]
1945 3969 2510 4029 Promtum,paratum,

1449 4049 1516 4099 ab
1540 4048 1848 4112 pugnaturis
1869 4044 2082 4095 brachio
2099 4041 2328 4096 exserto.
2384 4040 2511 4090 Omv

1447 4129 1540 4178 nia
1582 4132 1757 4177 autem
1803 4124 2102 4174 discrimina
2153 4119 2255 4169 sibi
2305 4118 2510 4183 objecta

1448 4195 1654 4269 spernit
1674 4201 1917 4253 Alaricus
1955 4213 2064 4265 pras
2086 4212 2152 4248 eo
2184 4195 2325 4261 quod
2359 4208 2416 4245 se
2439 4194 2510 4244 vi-
