<?xml version="1.0" encoding="UTF-8"?>
<!DOCTYPE html PUBLIC "-//W3C//DTD XHTML 1.0 Transitional//EN"
    "http://www.w3.org/TR/xhtml1/DTD/xhtml1-transitional.dtd">
<html xmlns="http://www.w3.org/1999/xhtml" xml:lang="en" lang="en">
 <head>
  <title>
</title>
<meta http-equiv="Content-Type" content="text/html;charset=utf-8" />
  <meta name='ocr-system' content='tesseract 3.04.00' />
  <meta name='ocr-capabilities' content='ocr_page ocr_carea ocr_par ocr_line ocrx_word'/>
</head>
<body>
  <div class='ocr_page' id='page_1' title='image "./operaomnia02cassgoog/operaomnia02cassgoog_0113.png"; bbox 0 0 2992 4925; ppageno 0'>
   <div class='ocr_carea' id='block_1_1' title="bbox 665 422 2094 482">
    <p class='ocr_par' dir='ltr' id='par_1_1' title="bbox 665 422 2094 482">
     <span class='ocr_line' id='line_1_1' title="bbox 665 422 2094 482; baseline 0.002 -3"><span class='ocrx_word' id='word_1_1' title='bbox 665 422 821 479; x_wconf 70' lang='lat' dir='ltr'><strong>&#39;&#39;Dff</strong></span> <span class='ocrx_word' id='word_1_2' title='bbox 859 429 1127 479; x_wconf 57' lang='lat' dir='ltr'><strong>“Anni</strong></span> <span class='ocrx_word' id='word_1_3' title='bbox 1175 428 1456 481; x_wconf 70' lang='grc' dir='ltr'><strong>ΤΗῈΟΠ.</strong></span> <span class='ocrx_word' id='word_1_4' title='bbox 1508 431 1727 481; x_wconf 68' lang='grc' dir='ltr'><strong>ῸΟΠΒ.</strong></span> <span class='ocrx_word' id='word_1_5' title='bbox 1772 427 2094 482; x_wconf 65' lang='lat' dir='ltr'><strong>PRonoe.</strong></span> 
     </span>
    </p>
   </div>
   <div class='ocr_carea' id='block_1_2' title="bbox 280 574 1370 2796">
    <p class='ocr_par' dir='ltr' id='par_1_2' title="bbox 306 574 1369 793">
     <span class='ocr_line' id='line_1_2' title="bbox 310 574 1368 640; baseline 0.002 -17"><span class='ocrx_word' id='word_1_6' title='bbox 310 574 418 626; x_wconf 84' lang='lat' dir='ltr'><strong>des.</strong></span> <span class='ocrx_word' id='word_1_7' title='bbox 466 576 549 624; x_wconf 87' lang='lat' dir='ltr'><strong>Ex</strong></span> <span class='ocrx_word' id='word_1_8' title='bbox 588 575 865 640; x_wconf 73' lang='lat' dir='ltr'><strong>praeceptis</strong></span> <span class='ocrx_word' id='word_1_9' title='bbox 893 582 1066 625; x_wconf 83' lang='lat' dir='ltr'><strong>autem</strong></span> <span class='ocrx_word' id='word_1_10' title='bbox 1090 576 1368 640; x_wconf 78' lang='lat' dir='ltr'><strong>Sapientiae</strong></span> 
     </span>
     <span class='ocr_line' id='line_1_3' title="bbox 306 652 1369 720; baseline 0.005 -19"><span class='ocrx_word' id='word_1_11' title='bbox 306 668 482 703; x_wconf 71' lang='lat' dir='ltr'><strong>&gt;veram</strong></span> <span class='ocrx_word' id='word_1_12' title='bbox 503 655 679 718; x_wconf 87' lang='lat' dir='ltr'><strong>potius</strong></span> <span class='ocrx_word' id='word_1_13' title='bbox 699 652 910 718; x_wconf 86' lang='lat' dir='ltr'><strong>gloriam</strong></span> <span class='ocrx_word' id='word_1_14' title='bbox 931 669 1083 720; x_wconf 87' lang='lat' dir='ltr'><strong>quam</strong></span> <span class='ocrx_word' id='word_1_15' title='bbox 1106 656 1369 719; x_wconf 82' lang='lat' dir='ltr'><strong>ingentem</strong></span> 
     </span>
     <span class='ocr_line' id='line_1_4' title="bbox 310 730 742 793; baseline 0.005 -16"><span class='ocrx_word' id='word_1_16' title='bbox 310 730 515 793; x_wconf 76' lang='lat' dir='ltr'><strong>quaerit.</strong></span> <span class='ocrx_word' id='word_1_17' title='bbox 560 730 742 779; x_wconf 71' lang='lat' dir='ltr'><strong>Barth.</strong></span> 
     </span>
    </p>

    <p class='ocr_par' dir='ltr' id='par_1_3' title="bbox 299 805 1370 1472">
     <span class='ocr_line' id='line_1_5' title="bbox 368 805 1370 869; baseline 0.003 -15"><span class='ocrx_word' id='word_1_18' title='bbox 368 809 403 854; x_wconf 80' lang='lat'>4</span> <span class='ocrx_word' id='word_1_19' title='bbox 436 805 661 854; x_wconf 69' lang='lat' dir='ltr'><strong>Serva-sse</strong></span> <span class='ocrx_word' id='word_1_20' title='bbox 679 805 831 869; x_wconf 80' lang='lat' dir='ltr'><strong>labor]</strong></span> <span class='ocrx_word' id='word_1_21' title='bbox 870 806 1095 855; x_wconf 80' lang='lat' dir='ltr'><strong>Laborat</strong></span> <span class='ocrx_word' id='word_1_22' title='bbox 1133 806 1268 855; x_wconf 89' lang='lat' dir='ltr'><strong>enim</strong></span> <span class='ocrx_word' id='word_1_23' title='bbox 1306 819 1370 857; x_wconf 85' lang='lat' dir='ltr'><strong>ea</strong></span> 
     </span>
     <span class='ocr_line' id='line_1_6' title="bbox 303 882 1367 947; baseline 0.001 -16"><span class='ocrx_word' id='word_1_24' title='bbox 303 882 664 947; x_wconf 77' lang='lat' dir='ltr'>magnitudine</span> <span class='ocrx_word' id='word_1_25' title='bbox 702 898 809 943; x_wconf 86' lang='lat' dir='ltr'><strong>sua,</strong></span> <span class='ocrx_word' id='word_1_26' title='bbox 833 890 1018 946; x_wconf 85' lang='lat' dir='ltr'><strong>utpote</strong></span> <span class='ocrx_word' id='word_1_27' title='bbox 1051 884 1257 932; x_wconf 88' lang='lat' dir='ltr'><strong>modum</strong></span> <span class='ocrx_word' id='word_1_28' title='bbox 1281 899 1367 932; x_wconf 85' lang='lat' dir='ltr'><strong>ex-</strong></span> 
     </span>
     <span class='ocr_line' id='line_1_7' title="bbox 305 960 1367 1025; baseline 0.002 -16"><span class='ocrx_word' id='word_1_29' title='bbox 305 960 518 1024; x_wconf 86' lang='lat' dir='ltr'><strong>cedens,</strong></span> <span class='ocrx_word' id='word_1_30' title='bbox 559 960 728 1025; x_wconf 89' lang='lat' dir='ltr'><strong>qualia</strong></span> <span class='ocrx_word' id='word_1_31' title='bbox 764 962 935 1009; x_wconf 86' lang='lat' dir='ltr'><strong>omnia</strong></span> <span class='ocrx_word' id='word_1_32' title='bbox 979 960 1206 1009; x_wconf 78' lang='lat' dir='ltr'><strong>instabili</strong></span> <span class='ocrx_word' id='word_1_33' title='bbox 1253 961 1367 1011; x_wconf 86' lang='lat' dir='ltr'><strong>loeo</strong></span> 
     </span>
     <span class='ocr_line' id='line_1_8' title="bbox 302 1033 1367 1103; baseline -0.002 -16"><span class='ocrx_word' id='word_1_34' title='bbox 302 1038 555 1103; x_wconf 80' lang='lat' dir='ltr'><strong>pendent.</strong></span> <span class='ocrx_word' id='word_1_35' title='bbox 592 1037 792 1087; x_wconf 79' lang='lat' dir='ltr'>Seneca</span> <span class='ocrx_word' id='word_1_36' title='bbox 813 1033 1034 1099; x_wconf 86' lang='lat' dir='ltr'><strong>OEdipo:</strong></span> <span class='ocrx_word' id='word_1_37' title='bbox 1065 1037 1083 1063; x_wconf 71' lang='lat'>⁶</span> <span class='ocrx_word' id='word_1_38' title='bbox 1107 1037 1367 1101; x_wconf 79' lang='lat' dir='ltr'><strong>Quicquid</strong></span> 
     </span>
     <span class='ocr_line' id='line_1_9' title="bbox 300 1113 1364 1164; baseline -0.002 0"><span class='ocrx_word' id='word_1_39' title='bbox 300 1114 530 1164; x_wconf 80' lang='lat' dir='ltr'><strong>excessit</strong></span> <span class='ocrx_word' id='word_1_40' title='bbox 551 1114 759 1163; x_wconf 88' lang='lat' dir='ltr'><strong>modum</strong></span> <span class='ocrx_word' id='word_1_41' title='bbox 790 1113 998 1163; x_wconf 82' lang='lat' dir='ltr'><strong>Pendet</strong></span> <span class='ocrx_word' id='word_1_42' title='bbox 1029 1113 1258 1162; x_wconf 79' lang='lat' dir='ltr'><strong>instabili</strong></span> <span class='ocrx_word' id='word_1_43' title='bbox 1291 1115 1364 1162; x_wconf 88' lang='lat' dir='ltr'><strong>lo-</strong></span> 
     </span>
     <span class='ocr_line' id='line_1_10' title="bbox 304 1189 620 1240; baseline -0.009 0"><span class='ocrx_word' id='word_1_44' title='bbox 304 1189 401 1240; x_wconf 68' lang='lat' dir='ltr'><strong>co!</strong></span> <span class='ocrx_word' id='word_1_45' title='bbox 467 1192 620 1240; x_wconf 82' lang='lat' dir='ltr'><strong>Idem.</strong></span> 
     </span>
     <span class='ocr_line' id='line_1_11' title="bbox 308 1257 1363 1333; baseline 0 -18"><span class='ocrx_word' id='word_1_46' title='bbox 308 1257 321 1265; x_wconf 63' lang='lat'>⁸</span> <span class='ocrx_word' id='word_1_47' title='bbox 367 1271 399 1315; x_wconf 79' lang='lat'>5</span> <span class='ocrx_word' id='word_1_48' title='bbox 439 1267 692 1317; x_wconf 73' lang='lat' dir='ltr'><strong><em>Continuis</em></strong></span> <span class='ocrx_word' id='word_1_49' title='bbox 747 1268 894 1316; x_wconf 74' lang='lat' dir='ltr'><strong>crevit</strong></span> <span class='ocrx_word' id='word_1_50' title='bbox 929 1267 1121 1333; x_wconf 76' lang='lat' dir='ltr'><strong>fiducia</strong></span> <span class='ocrx_word' id='word_1_51' title='bbox 1170 1267 1363 1331; x_wconf 77' lang='lat' dir='ltr'><strong>castris]</strong></span> 
     </span>
     <span class='ocr_line' id='line_1_12' title="bbox 299 1343 1364 1410; baseline -0.001 -17"><span class='ocrx_word' id='word_1_52' title='bbox 299 1344 528 1406; x_wconf 86' lang='lat' dir='ltr'><strong>Malitia,</strong></span> <span class='ocrx_word' id='word_1_53' title='bbox 566 1359 718 1410; x_wconf 90' lang='lat' dir='ltr'><strong>quam</strong></span> <span class='ocrx_word' id='word_1_54' title='bbox 758 1352 1021 1396; x_wconf 78' lang='lat' dir='ltr'><strong>sectantes</strong></span> <span class='ocrx_word' id='word_1_55' title='bbox 1064 1343 1364 1394; x_wconf 77' lang='lat' dir='ltr'><strong>audaciores</strong></span> 
     </span>
     <span class='ocr_line' id='line_1_13' title="bbox 300 1419 879 1472; baseline 0 -2"><span class='ocrx_word' id='word_1_56' title='bbox 300 1419 439 1470; x_wconf 77' lang='lat' dir='ltr'><strong>&#39;effici</strong></span> <span class='ocrx_word' id='word_1_57' title='bbox 463 1428 688 1472; x_wconf 87' lang='lat' dir='ltr'><strong>constat.</strong></span> <span class='ocrx_word' id='word_1_58' title='bbox 731 1419 879 1470; x_wconf 86' lang='lat' dir='ltr'><strong>Idem.</strong></span> 
     </span>
    </p>

    <p class='ocr_par' dir='ltr' id='par_1_4' title="bbox 300 1489 1363 1624">
     <span class='ocr_line' id='line_1_14' title="bbox 311 1489 1363 1563; baseline 0.003 -16"><span class='ocrx_word' id='word_1_59' title='bbox 311 1489 319 1494; x_wconf 51' lang='grc'><strong>”</strong></span> <span class='ocrx_word' id='word_1_60' title='bbox 365 1502 400 1547; x_wconf 88' lang='grc'><strong>6</strong></span> <span class='ocrx_word' id='word_1_61' title='bbox 433 1500 580 1549; x_wconf 79' lang='lat' dir='ltr'><strong>Miles</strong></span> <span class='ocrx_word' id='word_1_62' title='bbox 616 1500 779 1563; x_wconf 74' lang='lat' dir='ltr'><strong>habet]</strong></span> <span class='ocrx_word' id='word_1_63' title='bbox 851 1497 1094 1550; x_wconf 85' lang='lat' dir='ltr'><strong>Militaris</strong></span> <span class='ocrx_word' id='word_1_64' title='bbox 1132 1499 1363 1550; x_wconf 84' lang='lat' dir='ltr'><strong>audacia.</strong></span> 
     </span>
     <span class='ocr_line' id='line_1_15' title="bbox 300 1571 454 1624; baseline -0.006 0"><span class='ocrx_word' id='word_1_65' title='bbox 300 1571 454 1624; x_wconf 83' lang='lat' dir='ltr'><strong>Idem.</strong></span> 
     </span>
    </p>

    <p class='ocr_par' dir='ltr' id='par_1_5' title="bbox 300 1655 1363 1796">
     <span class='ocr_line' id='line_1_16' title="bbox 363 1655 1363 1719; baseline 0 -16"><span class='ocrx_word' id='word_1_66' title='bbox 363 1655 539 1719; x_wconf 81' lang='lat' dir='ltr'><strong>Miles]</strong></span> <span class='ocrx_word' id='word_1_67' title='bbox 572 1655 695 1705; x_wconf 89' lang='lat' dir='ltr'><strong>Non</strong></span> <span class='ocrx_word' id='word_1_68' title='bbox 732 1656 869 1706; x_wconf 82' lang='lat' dir='ltr'><strong>solus</strong></span> <span class='ocrx_word' id='word_1_69' title='bbox 903 1655 1160 1717; x_wconf 79' lang='lat' dir='ltr'><strong>militavit,</strong></span> <span class='ocrx_word' id='word_1_70' title='bbox 1196 1656 1363 1705; x_wconf 87' lang='lat' dir='ltr'><strong>Hora·</strong></span> 
     </span>
     <span class='ocr_line' id='line_1_17' title="bbox 300 1730 1311 1796; baseline -0.002 -14"><span class='ocrx_word' id='word_1_71' title='bbox 300 1730 426 1794; x_wconf 75' lang='lat' dir='ltr'><strong>tius,</strong></span> <span class='ocrx_word' id='word_1_72' title='bbox 444 1738 536 1780; x_wconf 87' lang='lat' dir='ltr'><strong>aut</strong></span> <span class='ocrx_word' id='word_1_73' title='bbox 558 1731 717 1796; x_wconf 85' lang='lat' dir='ltr'><strong>Naso,</strong></span> <span class='ocrx_word' id='word_1_74' title='bbox 738 1738 794 1782; x_wconf 89' lang='lat' dir='ltr'><strong>et</strong></span> <span class='ocrx_word' id='word_1_75' title='bbox 817 1738 936 1781; x_wconf 89' lang='lat' dir='ltr'><strong>ante</strong></span> <span class='ocrx_word' id='word_1_76' title='bbox 960 1731 1074 1781; x_wconf 89' lang='lat' dir='ltr'><strong>illos</strong></span> <span class='ocrx_word' id='word_1_77' title='bbox 1097 1732 1311 1781; x_wconf 90' lang='lat' dir='ltr'><strong>Ennius.</strong></span> 
     </span>
    </p>

    <p class='ocr_par' dir='ltr' id='par_1_6' title="bbox 280 1808 1364 2709">
     <span class='ocr_line' id='line_1_18' title="bbox 363 1808 1364 1871; baseline 0.004 -17"><span class='ocrx_word' id='word_1_78' title='bbox 363 1810 396 1854; x_wconf 86' lang='grc'><strong>7</strong></span> <span class='ocrx_word' id='word_1_79' title='bbox 447 1808 671 1857; x_wconf 75' lang='lat' dir='ltr'><strong>culmina</strong></span> <span class='ocrx_word' id='word_1_80' title='bbox 728 1808 936 1858; x_wconf 78' lang='lat' dir='ltr'><strong>Romani</strong></span> <span class='ocrx_word' id='word_1_81' title='bbox 978 1808 1206 1871; x_wconf 77' lang='lat' dir='ltr'><strong>Senatus]</strong></span> <span class='ocrx_word' id='word_1_82' title='bbox 1276 1808 1364 1858; x_wconf 85' lang='lat' dir='ltr'><strong>Ita</strong></span> 
     </span>
     <span class='ocr_line' id='line_1_19' title="bbox 298 1885 1362 1936; baseline 0.001 -2"><span class='ocrx_word' id='word_1_83' title='bbox 298 1885 471 1935; x_wconf 78' lang='lat' dir='ltr'><strong>nostri</strong></span> <span class='ocrx_word' id='word_1_84' title='bbox 511 1900 704 1935; x_wconf 89' lang='lat' dir='ltr'><strong>omnes.</strong></span> <span class='ocrx_word' id='word_1_85' title='bbox 754 1887 1019 1936; x_wconf 73' lang='lat' dir='ltr'><strong>Cluverius</strong></span> <span class='ocrx_word' id='word_1_86' title='bbox 1056 1887 1261 1936; x_wconf 80' lang='lat' dir='ltr'><strong>Lumina</strong></span> <span class='ocrx_word' id='word_1_87' title='bbox 1297 1901 1362 1935; x_wconf 82' lang='lat' dir='ltr'><strong>ex</strong></span> 
     </span>
     <span class='ocr_line' id='line_1_20' title="bbox 297 1962 1361 2026; baseline 0.001 -14"><span class='ocrx_word' id='word_1_88' title='bbox 297 1963 436 2012; x_wconf 84' lang='lat' dir='ltr'><strong>suis:</strong></span> <span class='ocrx_word' id='word_1_89' title='bbox 470 1964 566 2012; x_wconf 87' lang='lat' dir='ltr'><strong>sed</strong></span> <span class='ocrx_word' id='word_1_90' title='bbox 602 1964 744 2012; x_wconf 89' lang='lat' dir='ltr'><strong>nulla</strong></span> <span class='ocrx_word' id='word_1_91' title='bbox 773 1977 905 2026; x_wconf 89' lang='lat' dir='ltr'><strong>opus</strong></span> <span class='ocrx_word' id='word_1_92' title='bbox 939 1962 1238 2013; x_wconf 81' lang='lat' dir='ltr'><strong>mutatione.</strong></span> <span class='ocrx_word' id='word_1_93' title='bbox 1292 1964 1361 2013; x_wconf 89' lang='lat' dir='ltr'><strong>D.</strong></span> 
     </span>
     <span class='ocr_line' id='line_1_21' title="bbox 294 2029 1313 2109; baseline 0.001 -20"><span class='ocrx_word' id='word_1_94' title='bbox 294 2029 473 2090; x_wconf 78' lang='lat' dir='ltr'><strong>Heius.</strong></span> <span class='ocrx_word' id='word_1_95' title='bbox 1307 2103 1313 2109; x_wconf 30' lang='grc' dir='ltr'><strong><em>Ι</em></strong></span> 
     </span>
     <span class='ocr_line' id='line_1_22' title="bbox 308 2115 1362 2180; baseline -0.001 -15"><span class='ocrx_word' id='word_1_96' title='bbox 308 2132 314 2136; x_wconf 66' lang='grc'><em>“</em></span> <span class='ocrx_word' id='word_1_97' title='bbox 361 2117 587 2166; x_wconf 76' lang='lat' dir='ltr'><strong>culmina</strong></span> <span class='ocrx_word' id='word_1_98' title='bbox 632 2116 860 2180; x_wconf 78' lang='lat' dir='ltr'><strong>Romani]</strong></span> <span class='ocrx_word' id='word_1_99' title='bbox 903 2115 990 2165; x_wconf 89' lang='lat' dir='ltr'><strong>Ita</strong></span> <span class='ocrx_word' id='word_1_100' title='bbox 1023 2130 1201 2166; x_wconf 88' lang='lat' dir='ltr'><strong>omnes</strong></span> <span class='ocrx_word' id='word_1_101' title='bbox 1242 2116 1362 2166; x_wconf 80' lang='lat' dir='ltr'><strong>lib‘ri</strong></span> 
     </span>
     <span class='ocr_line' id='line_1_23' title="bbox 292 2193 1363 2248; baseline 0.001 -5"><span class='ocrx_word' id='word_1_102' title='bbox 292 2194 485 2244; x_wconf 90' lang='lat' dir='ltr'><strong>nostri.</strong></span> <span class='ocrx_word' id='word_1_103' title='bbox 549 2194 667 2244; x_wconf 89' lang='lat' dir='ltr'><strong>Nec</strong></span> <span class='ocrx_word' id='word_1_104' title='bbox 708 2210 864 2243; x_wconf 82' lang='lat' dir='ltr'><strong>causa</strong></span> <span class='ocrx_word' id='word_1_105' title='bbox 907 2193 1153 2248; x_wconf 83' lang='lat' dir='ltr'><strong>mutandi.</strong></span> <span class='ocrx_word' id='word_1_106' title='bbox 1219 2194 1363 2244; x_wconf 88' lang='lat' dir='ltr'><strong>Sum-</strong></span> 
     </span>
     <span class='ocr_line' id='line_1_24' title="bbox 290 2268 1361 2336; baseline 0 -17"><span class='ocrx_word' id='word_1_107' title='bbox 290 2286 407 2320; x_wconf 84' lang='lat' dir='ltr'><strong>mus</strong></span> <span class='ocrx_word' id='word_1_108' title='bbox 429 2270 568 2320; x_wconf 90' lang='lat' dir='ltr'><strong>enim</strong></span> <span class='ocrx_word' id='word_1_109' title='bbox 600 2270 959 2336; x_wconf 79' lang='lat' dir='ltr'><strong>Magistratus,</strong></span> <span class='ocrx_word' id='word_1_110' title='bbox 983 2268 1136 2334; x_wconf 78' lang='lat' dir='ltr'><strong>Apex</strong></span> <span class='ocrx_word' id='word_1_111' title='bbox 1162 2269 1361 2319; x_wconf 86' lang='lat' dir='ltr'><strong>Nobili-</strong></span> 
     </span>
     <span class='ocr_line' id='line_1_25' title="bbox 280 2343 1358 2398; baseline -0.002 0"><span class='ocrx_word' id='word_1_112' title='bbox 280 2348 420 2398; x_wconf 56' lang='lat' dir='ltr'><strong>statis</strong></span> <span class='ocrx_word' id='word_1_113' title='bbox 461 2343 712 2398; x_wconf 65' lang='lat' dir='ltr'><strong>Romana:</strong></span> <span class='ocrx_word' id='word_1_114' title='bbox 758 2348 855 2396; x_wconf 86' lang='lat' dir='ltr'><strong>hac</strong></span> <span class='ocrx_word' id='word_1_115' title='bbox 915 2362 1040 2396; x_wconf 87' lang='lat' dir='ltr'><strong>voce</strong></span> <span class='ocrx_word' id='word_1_116' title='bbox 1098 2353 1358 2396; x_wconf 85' lang='lat' dir='ltr'><strong>censetur.</strong></span> 
     </span>
     <span class='ocr_line' id='line_1_26' title="bbox 291 2419 1360 2490; baseline -0.002 -16"><span class='ocrx_word' id='word_1_117' title='bbox 291 2419 554 2477; x_wconf 85' lang='lat' dir='ltr'><strong>Ausonius</strong></span> <span class='ocrx_word' id='word_1_118' title='bbox 590 2423 655 2474; x_wconf 89' lang='lat' dir='ltr'><strong>ad</strong></span> <span class='ocrx_word' id='word_1_119' title='bbox 693 2424 993 2490; x_wconf 79' lang='lat' dir='ltr'><strong>Syagrium:</strong></span> <span class='ocrx_word' id='word_1_120' title='bbox 1030 2422 1047 2449; x_wconf 90' lang='lat'>‘</span> <span class='ocrx_word' id='word_1_121' title='bbox 1075 2422 1237 2488; x_wconf 88' lang='lat' dir='ltr'><strong>Cujus</strong></span> <span class='ocrx_word' id='word_1_122' title='bbox 1261 2437 1360 2487; x_wconf 85' lang='lat' dir='ltr'><strong>ego</strong></span> 
     </span>
     <span class='ocr_line' id='line_1_27' title="bbox 292 2492 1361 2565; baseline -0.003 -13"><span class='ocrx_word' id='word_1_123' title='bbox 292 2492 483 2553; x_wconf 77' lang='lat' dir='ltr'><strong>Comes</strong></span> <span class='ocrx_word' id='word_1_124' title='bbox 507 2509 563 2552; x_wconf 89' lang='lat' dir='ltr'><strong>et</strong></span> <span class='ocrx_word' id='word_1_125' title='bbox 594 2503 856 2564; x_wconf 81' lang='lat' dir='ltr'><strong>Quaestor,</strong></span> <span class='ocrx_word' id='word_1_126' title='bbox 874 2508 950 2565; x_wconf 89' lang='lat' dir='ltr'><strong>et,</strong></span> <span class='ocrx_word' id='word_1_127' title='bbox 976 2502 1179 2551; x_wconf 89' lang='lat' dir='ltr'><strong>culmen</strong></span> <span class='ocrx_word' id='word_1_128' title='bbox 1203 2501 1361 2549; x_wconf 85' lang='lat' dir='ltr'><strong>bono-</strong></span> 
     </span>
     <span class='ocr_line' id='line_1_28' title="bbox 291 2572 1360 2645; baseline 0.001 -15"><span class='ocrx_word' id='word_1_129' title='bbox 291 2580 407 2630; x_wconf 68' lang='lat' dir='ltr'><strong>rum</strong></span> <span class='ocrx_word' id='word_1_130' title='bbox 432 2572 645 2645; x_wconf 80' lang='lat' dir='ltr'><strong>Consul,</strong></span> <span class='ocrx_word' id='word_1_131' title='bbox 675 2579 878 2645; x_wconf 80' lang='lat' dir='ltr'><strong>collega</strong></span> <span class='ocrx_word' id='word_1_132' title='bbox 910 2580 1218 2645; x_wconf 87' lang='lat' dir='ltr'><strong>posteriore,</strong></span> <span class='ocrx_word' id='word_1_133' title='bbox 1252 2578 1360 2631; x_wconf 68' lang='lat' dir='ltr'><strong>fui!</strong></span> 
     </span>
     <span class='ocr_line' id='line_1_29' title="bbox 291 2661 477 2709; baseline 0 0"><span class='ocrx_word' id='word_1_134' title='bbox 291 2661 477 2709; x_wconf 67' lang='lat' dir='ltr'><strong>Barth.</strong></span> 
     </span>
    </p>

    <p class='ocr_par' dir='ltr' id='par_1_7' title="bbox 358 2732 1360 2796">
     <span class='ocr_line' id='line_1_30' title="bbox 358 2732 1360 2796; baseline -0.005 -11"><span class='ocrx_word' id='word_1_135' title='bbox 358 2738 389 2785; x_wconf 88' lang='lat'>8</span> <span class='ocrx_word' id='word_1_136' title='bbox 427 2735 612 2793; x_wconf 80' lang='lat' dir='ltr'><strong>Quibus</strong></span> <span class='ocrx_word' id='word_1_137' title='bbox 645 2737 850 2785; x_wconf 77' lang='lat' dir='ltr'><strong>exsultat</strong></span> <span class='ocrx_word' id='word_1_138' title='bbox 893 2732 1078 2796; x_wconf 78' lang='lat' dir='ltr'><strong>Gallia]</strong></span> <span class='ocrx_word' id='word_1_139' title='bbox 1125 2733 1249 2782; x_wconf 89' lang='lat' dir='ltr'><strong>Non</strong></span> <span class='ocrx_word' id='word_1_140' title='bbox 1282 2744 1360 2781; x_wconf 77' lang='lat' dir='ltr'><strong>se·</strong></span> 
     </span>
    </p>
   </div>
   <div class='ocr_carea' id='block_1_3' title="bbox 292 2804 1371 2862">
    <p class='ocr_par' dir='ltr' id='par_1_8' title="bbox 292 2804 1371 2862">
     <span class='ocr_line' id='line_1_31' title="bbox 292 2804 1371 2862; baseline -0.005 -2"><span class='ocrx_word' id='word_1_141' title='bbox 292 2804 396 2861; x_wconf 77' lang='lat' dir='ltr'><strong>rnel</strong></span> <span class='ocrx_word' id='word_1_142' title='bbox 450 2811 641 2862; x_wconf 86' lang='lat' dir='ltr'><strong>Galliae</strong></span> <span class='ocrx_word' id='word_1_143' title='bbox 682 2810 1054 2860; x_wconf 82' lang='lat' dir='ltr'><strong>eruditissimos</strong></span> <span class='ocrx_word' id='word_1_144' title='bbox 1090 2808 1225 2856; x_wconf 75' lang='lat' dir='ltr'><strong>viros</strong></span> <span class='ocrx_word' id='word_1_145' title='bbox 1267 2816 1371 2856; x_wconf 86' lang='lat' dir='ltr'><strong>suo&#39;</strong></span> 
     </span>
    </p>
   </div>
   <div class='ocr_carea' id='block_1_4' title="bbox 260 2886 1369 4187">
    <p class='ocr_par' dir='ltr' id='par_1_9' title="bbox 260 2886 1369 4187">
     <span class='ocr_line' id='line_1_32' title="bbox 260 2886 1196 2949; baseline -0.004 -10"><span class='ocrx_word' id='word_1_146' title='bbox 260 2903 407 2939; x_wconf 47' lang='lat' dir='ltr'><strong>Naevo</strong></span> <span class='ocrx_word' id='word_1_147' title='bbox 429 2888 622 2938; x_wconf 75' lang='lat' dir='ltr'><strong>tribuit</strong></span> <span class='ocrx_word' id='word_1_148' title='bbox 643 2888 727 2938; x_wconf 89' lang='lat' dir='ltr'><strong>hic</strong></span> <span class='ocrx_word' id='word_1_149' title='bbox 750 2888 996 2949; x_wconf 84' lang='lat' dir='ltr'><strong>Scriptor.</strong></span> <span class='ocrx_word' id='word_1_150' title='bbox 1048 2886 1196 2935; x_wconf 82' lang='lat' dir='ltr'><strong>Idem.</strong></span> 
     </span>
     <span class='ocr_line' id='line_1_33' title="bbox 311 2956 1359 3027; baseline -0.003 -13"><span class='ocrx_word' id='word_1_151' title='bbox 311 2956 319 2965; x_wconf 64' lang='lat'><strong>⁴</strong></span> <span class='ocrx_word' id='word_1_152' title='bbox 363 2958 556 3027; x_wconf 65' lang='lat' dir='ltr'><strong>Gallia]</strong></span> <span class='ocrx_word' id='word_1_153' title='bbox 592 2962 661 3013; x_wconf 68' lang='lat'><strong>16</strong></span> <span class='ocrx_word' id='word_1_154' title='bbox 695 2970 791 3024; x_wconf 81' lang='lat' dir='ltr'><strong>est,</strong></span> <span class='ocrx_word' id='word_1_155' title='bbox 829 2962 1198 3019; x_wconf 84' lang='lat' dir='ltr'><strong>Mediolanum,</strong></span> <span class='ocrx_word' id='word_1_156' title='bbox 1243 2970 1359 3026; x_wconf 78' lang='lat' dir='ltr'><strong>quae</strong></span> 
     </span>
     <span class='ocr_line' id='line_1_34' title="bbox 296 3038 1359 3100; baseline -0.003 -9"><span class='ocrx_word' id='word_1_157' title='bbox 296 3042 453 3091; x_wconf 88' lang='lat' dir='ltr'><strong>etiam</strong></span> <span class='ocrx_word' id='word_1_158' title='bbox 501 3057 531 3090; x_wconf 85' lang='lat' dir='ltr'><strong>a</strong></span> <span class='ocrx_word' id='word_1_159' title='bbox 575 3038 742 3091; x_wconf 84' lang='lat' dir='ltr'><strong>Gallis</strong></span> <span class='ocrx_word' id='word_1_160' title='bbox 774 3038 1027 3100; x_wconf 76' lang='lat' dir='ltr'><strong>&#39;condita3</strong></span> <span class='ocrx_word' id='word_1_161' title='bbox 1083 3044 1196 3088; x_wconf 82' lang='lat' dir='ltr'><strong>eam</strong></span> <span class='ocrx_word' id='word_1_162' title='bbox 1234 3052 1359 3088; x_wconf 86' lang='lat' dir='ltr'><strong>vero</strong></span> 
     </span>
     <span class='ocr_line' id='line_1_35' title="bbox 293 3112 1369 3180; baseline -0.004 -14"><span class='ocrx_word' id='word_1_163' title='bbox 293 3112 517 3166; x_wconf 83' lang='lat' dir='ltr'><strong>Maxim.</strong></span> <span class='ocrx_word' id='word_1_164' title='bbox 556 3117 691 3180; x_wconf 83' lang='lat' dir='ltr'><strong>Imp.</strong></span> <span class='ocrx_word' id='word_1_165' title='bbox 733 3116 911 3165; x_wconf 82' lang='lat' dir='ltr'><strong>Romae</strong></span> <span class='ocrx_word' id='word_1_166' title='bbox 954 3112 1195 3165; x_wconf 74' lang='lat' dir='ltr'><strong>videntur</strong></span> <span class='ocrx_word' id='word_1_167' title='bbox 1226 3124 1369 3179; x_wconf 47' lang='lat' dir='ltr'><strong>praa-2</strong></span> 
     </span>
     <span class='ocr_line' id='line_1_36' title="bbox 293 3194 494 3244; baseline 0.01 -2"><span class='ocrx_word' id='word_1_168' title='bbox 293 3194 494 3244; x_wconf 76' lang='lat' dir='ltr'><strong>tulisse.</strong></span> 
     </span>
     <span class='ocr_line' id='line_1_37' title="bbox 312 3264 1358 3330; baseline -0.003 -11"><span class='ocrx_word' id='word_1_169' title='bbox 312 3266 319 3271; x_wconf 74' lang='grc'><em>’</em></span> <span class='ocrx_word' id='word_1_170' title='bbox 356 3268 399 3319; x_wconf 82' lang='lat'><strong>9&#39;</strong></span> <span class='ocrx_word' id='word_1_171' title='bbox 428 3268 662 3319; x_wconf 79' lang='lat' dir='ltr'><strong>Omnibus</strong></span> <span class='ocrx_word' id='word_1_172' title='bbox 681 3269 903 3319; x_wconf 77' lang='lat' dir='ltr'><strong>audimur</strong></span> <span class='ocrx_word' id='word_1_173' title='bbox 921 3267 1087 3330; x_wconf 75' lang='lat' dir='ltr'><strong>terris]</strong></span> <span class='ocrx_word' id='word_1_174' title='bbox 1119 3264 1256 3317; x_wconf 79' lang='lat' dir='ltr'><strong>Rara</strong></span> <span class='ocrx_word' id='word_1_175' title='bbox 1287 3267 1358 3316; x_wconf 87' lang='lat' dir='ltr'><strong>fe-</strong></span> 
     </span>
     <span class='ocr_line' id='line_1_38' title="bbox 260 3346 1360 3410; baseline -0.005 -10"><span class='ocrx_word' id='word_1_176' title='bbox 260 3400 265 3405; x_wconf 75' lang='lat'><strong>,</strong></span> <span class='ocrx_word' id='word_1_177' title='bbox 290 3347 514 3409; x_wconf 62' lang='lat' dir='ltr'><strong>licitam,</strong></span> <span class='ocrx_word' id='word_1_178' title='bbox 540 3356 600 3397; x_wconf 89' lang='lat' dir='ltr'><strong>ut</strong></span> <span class='ocrx_word' id='word_1_179' title='bbox 629 3353 686 3397; x_wconf 89' lang='lat' dir='ltr'><strong>et</strong></span> <span class='ocrx_word' id='word_1_180' title='bbox 727 3348 1022 3397; x_wconf 80' lang='lat' dir='ltr'><strong>celebretur</strong></span> <span class='ocrx_word' id='word_1_181' title='bbox 1055 3346 1266 3410; x_wconf 90' lang='lat' dir='ltr'><strong>ubique,</strong></span> <span class='ocrx_word' id='word_1_182' title='bbox 1303 3349 1360 3394; x_wconf 89' lang='lat' dir='ltr'><strong>et</strong></span> 
     </span>
     <span class='ocr_line' id='line_1_39' title="bbox 293 3423 1359 3488; baseline -0.002 -15"><span class='ocrx_word' id='word_1_183' title='bbox 293 3423 403 3488; x_wconf 84' lang='lat' dir='ltr'><strong>ipse</strong></span> <span class='ocrx_word' id='word_1_184' title='bbox 448 3425 658 3474; x_wconf 83' lang='lat' dir='ltr'><strong>intersit</strong></span> <span class='ocrx_word' id='word_1_185' title='bbox 700 3423 804 3473; x_wconf 89' lang='lat' dir='ltr'><strong>suis</strong></span> <span class='ocrx_word' id='word_1_186' title='bbox 869 3423 1144 3473; x_wconf 84' lang='lat' dir='ltr'><strong>laudibus:</strong></span> <span class='ocrx_word' id='word_1_187' title='bbox 1207 3437 1359 3487; x_wconf 88' lang='lat' dir='ltr'><strong>quam</strong></span> 
     </span>
     <span class='ocr_line' id='line_1_40' title="bbox 293 3498 1359 3566; baseline -0.004 -15"><span class='ocrx_word' id='word_1_188' title='bbox 293 3498 388 3551; x_wconf 79' lang='lat' dir='ltr'><strong>sibi</strong></span> <span class='ocrx_word' id='word_1_189' title='bbox 426 3503 725 3566; x_wconf 80' lang='lat' dir='ltr'><strong>gratulatur</strong></span> <span class='ocrx_word' id='word_1_190' title='bbox 767 3500 821 3550; x_wconf 75' lang='lat' dir='ltr'><strong>et&#39;</strong></span> <span class='ocrx_word' id='word_1_191' title='bbox 867 3500 1154 3549; x_wconf 82' lang='lat' dir='ltr'><strong>Martialis:</strong></span> <span class='ocrx_word' id='word_1_192' title='bbox 1215 3499 1359 3547; x_wconf 69' lang='lat' dir='ltr'><strong>‘Hic</strong></span> 
     </span>
     <span class='ocr_line' id='line_1_41' title="bbox 293 3574 1360 3644; baseline -0.005 -15"><span class='ocrx_word' id='word_1_193' title='bbox 293 3574 375 3629; x_wconf 82' lang='lat' dir='ltr'><strong>est</strong></span> <span class='ocrx_word' id='word_1_194' title='bbox 407 3594 567 3644; x_wconf 87' lang='lat' dir='ltr'><strong>quem</strong></span> <span class='ocrx_word' id='word_1_195' title='bbox 600 3578 751 3643; x_wconf 84' lang='lat' dir='ltr'><strong>legis,</strong></span> <span class='ocrx_word' id='word_1_196' title='bbox 780 3577 887 3639; x_wconf 88' lang='lat' dir='ltr'><strong>ille,</strong></span> <span class='ocrx_word' id='word_1_197' title='bbox 928 3590 1080 3642; x_wconf 91' lang='lat' dir='ltr'><strong>quem</strong></span> <span class='ocrx_word' id='word_1_198' title='bbox 1119 3575 1360 3640; x_wconf 84' lang='lat' dir='ltr'><strong>requiris,</strong></span> 
     </span>
     <span class='ocr_line' id='line_1_42' title="bbox 290 3652 1361 3714; baseline -0.007 -6"><span class='ocrx_word' id='word_1_199' title='bbox 290 3658 423 3709; x_wconf 82' lang='lat' dir='ltr'><strong>Toto</strong></span> <span class='ocrx_word' id='word_1_200' title='bbox 460 3652 614 3706; x_wconf 78' lang='lat' dir='ltr'><strong>notus</strong></span> <span class='ocrx_word' id='word_1_201' title='bbox 649 3657 702 3704; x_wconf 88' lang='lat' dir='ltr'><strong>in</strong></span> <span class='ocrx_word' id='word_1_202' title='bbox 746 3655 871 3705; x_wconf 90' lang='lat' dir='ltr'><strong>orbe</strong></span> <span class='ocrx_word' id='word_1_203' title='bbox 926 3653 1201 3710; x_wconf 81' lang='lat' dir='ltr'><strong>Martialis,</strong></span> <span class='ocrx_word' id='word_1_204' title='bbox 1244 3652 1361 3714; x_wconf 90' lang='lat' dir='ltr'><strong>Cui,</strong></span> 
     </span>
     <span class='ocr_line' id='line_1_43' title="bbox 276 3722 1360 3795; baseline -0.006 -12"><span class='ocrx_word' id='word_1_205' title='bbox 276 3722 490 3790; x_wconf 71' lang='lat' dir='ltr'><strong>&#39;Le‘etor</strong></span> <span class='ocrx_word' id='word_1_206' title='bbox 507 3733 755 3793; x_wconf 75' lang='lat' dir='ltr'><strong>studiose,</strong></span> <span class='ocrx_word' id='word_1_207' title='bbox 775 3731 912 3795; x_wconf 89' lang='lat' dir='ltr'><strong>quod</strong></span> <span class='ocrx_word' id='word_1_208' title='bbox 932 3729 1124 3779; x_wconf 82' lang='lat' dir='ltr'><strong>dedisti</strong></span> <span class='ocrx_word' id='word_1_209' title='bbox 1146 3729 1360 3777; x_wconf 82' lang='lat' dir='ltr'><strong>Viventi</strong></span> 
     </span>
     <span class='ocr_line' id='line_1_44' title="bbox 292 3794 1361 3873; baseline -0.007 -12"><span class='ocrx_word' id='word_1_210' title='bbox 292 3794 454 3861; x_wconf 70' lang='lat' dir='ltr'><strong>decus</strong></span> <span class='ocrx_word' id='word_1_211' title='bbox 486 3818 646 3873; x_wconf 88' lang='lat' dir='ltr'><strong>atque</strong></span> <span class='ocrx_word' id='word_1_212' title='bbox 681 3807 950 3870; x_wconf 85' lang='lat' dir='ltr'><strong>sentienti,</strong></span> <span class='ocrx_word' id='word_1_213' title='bbox 979 3806 1102 3855; x_wconf 84' lang='lat' dir='ltr'><strong>Rari</strong></span> <span class='ocrx_word' id='word_1_214' title='bbox 1131 3812 1253 3870; x_wconf 89' lang='lat' dir='ltr'><strong>post</strong></span> <span class='ocrx_word' id='word_1_215' title='bbox 1290 3805 1361 3854; x_wconf 88' lang='lat' dir='ltr'><strong>ci-</strong></span> 
     </span>
     <span class='ocr_line' id='line_1_45' title="bbox 290 3882 902 3936; baseline 0 -2"><span class='ocrx_word' id='word_1_216' title='bbox 290 3898 442 3936; x_wconf 87' lang='lat' dir='ltr'><strong>neres</strong></span> <span class='ocrx_word' id='word_1_217' title='bbox 464 3886 659 3934; x_wconf 83' lang='lat' dir='ltr'><strong>habent</strong></span> <span class='ocrx_word' id='word_1_218' title='bbox 685 3882 902 3934; x_wconf 58' lang='lat' dir='ltr'><strong>Poetae?</strong></span> 
     </span>
     <span class='ocr_line' id='line_1_46' title="bbox 314 3956 1362 4025; baseline -0.003 -13"><span class='ocrx_word' id='word_1_219' title='bbox 314 3956 321 3965; x_wconf 78' lang='lat'>&#39;</span> <span class='ocrx_word' id='word_1_220' title='bbox 353 3960 458 4012; x_wconf 84' lang='lat' dir='ltr'><strong>Per</strong></span> <span class='ocrx_word' id='word_1_221' title='bbox 479 3978 620 4011; x_wconf 85' lang='lat' dir='ltr'><strong>aures</strong></span> <span class='ocrx_word' id='word_1_222' title='bbox 641 3960 845 4025; x_wconf 75' lang='lat' dir='ltr'><strong>Ibimus]</strong></span> <span class='ocrx_word' id='word_1_223' title='bbox 877 3961 1038 4024; x_wconf 84' lang='lat' dir='ltr'><strong>Scite,</strong></span> <span class='ocrx_word' id='word_1_224' title='bbox 1069 3960 1211 4011; x_wconf 90' lang='lat' dir='ltr'><strong>velut</strong></span> <span class='ocrx_word' id='word_1_225' title='bbox 1228 3961 1362 4009; x_wconf 86' lang='lat' dir='ltr'><strong>reci-</strong></span> 
     </span>
     <span class='ocr_line' id='line_1_47' title="bbox 290 4040 1365 4104; baseline -0.003 -13"><span class='ocrx_word' id='word_1_226' title='bbox 290 4041 423 4091; x_wconf 72' lang='lat' dir='ltr'><strong>tario</strong></span> <span class='ocrx_word' id='word_1_227' title='bbox 444 4042 550 4103; x_wconf 78' lang='lat' dir='ltr'><strong>ista</strong></span> <span class='ocrx_word' id='word_1_228' title='bbox 571 4040 633 4089; x_wconf 88' lang='lat' dir='ltr'><strong>iis</strong></span> <span class='ocrx_word' id='word_1_229' title='bbox 664 4040 902 4089; x_wconf 87' lang='lat' dir='ltr'><strong>omnibus</strong></span> <span class='ocrx_word' id='word_1_230' title='bbox 928 4041 1058 4089; x_wconf 86' lang='lat' dir='ltr'><strong>locis</strong></span> <span class='ocrx_word' id='word_1_231' title='bbox 1081 4040 1365 4104; x_wconf 87' lang='lat' dir='ltr'><strong>audiretur,</strong></span> 
     </span>
     <span class='ocr_line' id='line_1_48' title="bbox 294 4112 1363 4187; baseline -0.002 -20"><span class='ocrx_word' id='word_1_232' title='bbox 294 4112 485 4183; x_wconf 75' lang='lat' dir='ltr'><strong>q&#39;uIbus</strong></span> <span class='ocrx_word' id='word_1_233' title='bbox 517 4115 769 4181; x_wconf 82' lang='lat' dir='ltr'><strong>legendus</strong></span> <span class='ocrx_word' id='word_1_234' title='bbox 808 4115 1093 4187; x_wconf 85' lang='lat' dir='ltr'><strong>obveniret,</strong></span> <span class='ocrx_word' id='word_1_235' title='bbox 1115 4123 1235 4182; x_wconf 80' lang='lat' dir='ltr'><strong>post</strong></span> <span class='ocrx_word' id='word_1_236' title='bbox 1257 4115 1363 4168; x_wconf 80' lang='lat' dir='ltr'><strong>eiii-</strong></span> 
     </span>
    </p>
   </div>
   <div class='ocr_carea' id='block_1_5' title="bbox 2330 415 2508 482">
    <p class='ocr_par' dir='ltr' id='par_1_10' title="bbox 2330 415 2508 482">
     <span class='ocr_line' id='line_1_49' title="bbox 2330 415 2508 482; baseline 0 0"><span class='ocrx_word' id='word_1_237' title='bbox 2330 415 2508 482; x_wconf 80' lang='lat'>1419</span> 
     </span>
    </p>
   </div>
   <div class='ocr_carea' id='block_1_6' title="bbox 1432 576 2571 4112">
    <p class='ocr_par' dir='ltr' id='par_1_11' title="bbox 1447 576 2511 951">
     <span class='ocr_line' id='line_1_50' title="bbox 1452 576 2510 642; baseline 0.002 -17"><span class='ocrx_word' id='word_1_238' title='bbox 1452 576 1663 641; x_wconf 82' lang='lat' dir='ltr'><strong>tionem,</strong></span> <span class='ocrx_word' id='word_1_239' title='bbox 1678 578 1826 628; x_wconf 83' lang='lat' dir='ltr'><strong>liber.</strong></span> <span class='ocrx_word' id='word_1_240' title='bbox 1880 578 2127 628; x_wconf 80' lang='lat' dir='ltr'><strong>Similiter</strong></span> <span class='ocrx_word' id='word_1_241' title='bbox 2144 592 2232 642; x_wconf 80' lang='lat' dir='ltr'><strong>per</strong></span> <span class='ocrx_word' id='word_1_242' title='bbox 2251 593 2333 627; x_wconf 78' lang='lat' dir='ltr'><strong>ora</strong></span> <span class='ocrx_word' id='word_1_243' title='bbox 2350 577 2510 628; x_wconf 76' lang='lat' dir='ltr'><strong>virum</strong></span> 
     </span>
     <span class='ocr_line' id='line_1_51' title="bbox 1448 655 2508 707; baseline 0 -4"><span class='ocrx_word' id='word_1_244' title='bbox 1448 655 1522 703; x_wconf 81' lang='lat' dir='ltr'><strong>ire</strong></span> <span class='ocrx_word' id='word_1_245' title='bbox 1555 655 1640 703; x_wconf 86' lang='lat' dir='ltr'><strong>alii</strong></span> <span class='ocrx_word' id='word_1_246' title='bbox 1670 655 1926 705; x_wconf 72' lang='lat' dir='ltr'><strong>dixerunt.</strong></span> <span class='ocrx_word' id='word_1_247' title='bbox 1991 655 2162 704; x_wconf 88' lang='lat' dir='ltr'><strong>Aures</strong></span> <span class='ocrx_word' id='word_1_248' title='bbox 2195 661 2379 705; x_wconf 90' lang='lat' dir='ltr'><strong>notant</strong></span> <span class='ocrx_word' id='word_1_249' title='bbox 2411 656 2508 707; x_wconf 83' lang='lat' dir='ltr'><strong>Ju-</strong></span> 
     </span>
     <span class='ocr_line' id='line_1_52' title="bbox 1449 730 2507 792; baseline 0.004 -15"><span class='ocrx_word' id='word_1_250' title='bbox 1449 730 1661 792; x_wconf 86' lang='lat' dir='ltr'><strong>dicium,</strong></span> <span class='ocrx_word' id='word_1_251' title='bbox 1696 732 1761 779; x_wconf 89' lang='lat' dir='ltr'><strong>ab</strong></span> <span class='ocrx_word' id='word_1_252' title='bbox 1783 731 2091 781; x_wconf 84' lang='lat' dir='ltr'><strong>recitatione</strong></span> <span class='ocrx_word' id='word_1_253' title='bbox 2115 738 2362 780; x_wconf 85' lang='lat' dir='ltr'><strong>consueta</strong></span> <span class='ocrx_word' id='word_1_254' title='bbox 2386 737 2507 781; x_wconf 86' lang='lat' dir='ltr'><strong>ante</strong></span> 
     </span>
     <span class='ocr_line' id='line_1_53' title="bbox 1450 809 2511 873; baseline 0.001 -16"><span class='ocrx_word' id='word_1_255' title='bbox 1450 810 1958 873; x_wconf 79' lang='lat' dir='ltr'><strong>promulgationem3</strong></span> <span class='ocrx_word' id='word_1_256' title='bbox 1995 816 2075 859; x_wconf 89' lang='lat' dir='ltr'><strong>tot</strong></span> <span class='ocrx_word' id='word_1_257' title='bbox 2118 810 2255 859; x_wconf 89' lang='lat' dir='ltr'><strong>enim</strong></span> <span class='ocrx_word' id='word_1_258' title='bbox 2296 809 2511 860; x_wconf 79' lang='lat' dir='ltr'><strong>Judices</strong></span> 
     </span>
     <span class='ocr_line' id='line_1_54' title="bbox 1447 886 2213 951; baseline 0 -18"><span class='ocrx_word' id='word_1_259' title='bbox 1447 886 1537 946; x_wconf 90' lang='lat' dir='ltr'><strong>ibi,</strong></span> <span class='ocrx_word' id='word_1_260' title='bbox 1560 894 1689 951; x_wconf 91' lang='lat' dir='ltr'><strong>quot</strong></span> <span class='ocrx_word' id='word_1_261' title='bbox 1710 887 1992 937; x_wconf 74' lang='lat' dir='ltr'><strong>auditores.</strong></span> <span class='ocrx_word' id='word_1_262' title='bbox 2036 886 2213 935; x_wconf 75' lang='lat' dir='ltr'><strong>Barth.</strong></span> 
     </span>
    </p>

    <p class='ocr_par' dir='ltr' id='par_1_12' title="bbox 1443 961 2511 1395">
     <span class='ocr_line' id='line_1_55' title="bbox 1514 961 2508 1026; baseline -0.001 -13"><span class='ocrx_word' id='word_1_263' title='bbox 1514 969 1574 1013; x_wconf 87' lang='lat'><strong>11</strong></span> <span class='ocrx_word' id='word_1_264' title='bbox 1617 964 1683 1011; x_wconf 78' lang='lat' dir='ltr'><strong>Ut</strong></span> <span class='ocrx_word' id='word_1_265' title='bbox 1699 962 1970 1026; x_wconf 77' lang='lat' dir='ltr'><strong>perhibent]</strong></span> <span class='ocrx_word' id='word_1_266' title='bbox 2004 964 2137 1012; x_wconf 90' lang='lat' dir='ltr'><strong>Nam</strong></span> <span class='ocrx_word' id='word_1_267' title='bbox 2157 978 2273 1013; x_wconf 86' lang='lat' dir='ltr'><strong>cum</strong></span> <span class='ocrx_word' id='word_1_268' title='bbox 2293 961 2508 1025; x_wconf 86' lang='lat' dir='ltr'><strong>Jupiter</strong></span> 
     </span>
     <span class='ocr_line' id='line_1_56' title="bbox 1445 1037 2511 1103; baseline 0.001 -15"><span class='ocrx_word' id='word_1_269' title='bbox 1445 1037 1624 1088; x_wconf 85' lang='lat' dir='ltr'><strong>mundi</strong></span> <span class='ocrx_word' id='word_1_270' title='bbox 1661 1040 1887 1089; x_wconf 88' lang='lat' dir='ltr'><strong>medium</strong></span> <span class='ocrx_word' id='word_1_271' title='bbox 1921 1040 2092 1089; x_wconf 86' lang='lat' dir='ltr'><strong>locum</strong></span> <span class='ocrx_word' id='word_1_272' title='bbox 2134 1037 2292 1089; x_wconf 84' lang='lat' dir='ltr'><strong>vellet</strong></span> <span class='ocrx_word' id='word_1_273' title='bbox 2326 1041 2511 1103; x_wconf 78' lang='lat' dir='ltr'><strong>ag&#39;nos-</strong></span> 
     </span>
     <span class='ocr_line' id='line_1_57' title="bbox 1445 1117 2508 1181; baseline 0 -16"><span class='ocrx_word' id='word_1_274' title='bbox 1445 1131 1587 1177; x_wconf 87' lang='lat' dir='ltr'><strong>cere,</strong></span> <span class='ocrx_word' id='word_1_275' title='bbox 1632 1132 1697 1165; x_wconf 84' lang='lat' dir='ltr'><strong>ex</strong></span> <span class='ocrx_word' id='word_1_276' title='bbox 1762 1123 1883 1168; x_wconf 81' lang='lat' dir='ltr'><strong>ortu</strong></span> <span class='ocrx_word' id='word_1_277' title='bbox 1938 1123 2096 1181; x_wconf 89' lang='lat' dir='ltr'><strong>atque</strong></span> <span class='ocrx_word' id='word_1_278' title='bbox 2152 1131 2337 1166; x_wconf 87' lang='lat' dir='ltr'><strong>occasu</strong></span> <span class='ocrx_word' id='word_1_279' title='bbox 2383 1117 2508 1166; x_wconf 82' lang='lat' dir='ltr'><strong>duas</strong></span> 
     </span>
     <span class='ocr_line' id='line_1_58' title="bbox 1447 1192 2509 1259; baseline 0.002 -18"><span class='ocrx_word' id='word_1_280' title='bbox 1447 1194 1643 1257; x_wconf 86' lang='lat' dir='ltr'><strong>aquilas</strong></span> <span class='ocrx_word' id='word_1_281' title='bbox 1674 1193 1928 1243; x_wconf 81' lang='lat' dir='ltr'><strong>dimisisse</strong></span> <span class='ocrx_word' id='word_1_282' title='bbox 1962 1192 2149 1258; x_wconf 81' lang='lat' dir='ltr'><strong>fertur,</strong></span> <span class='ocrx_word' id='word_1_283' title='bbox 2176 1209 2292 1259; x_wconf 86' lang='lat' dir='ltr'><strong>quae</strong></span> <span class='ocrx_word' id='word_1_284' title='bbox 2329 1195 2509 1243; x_wconf 83' lang='lat' dir='ltr'><strong>volatu</strong></span> 
     </span>
     <span class='ocr_line' id='line_1_59' title="bbox 1443 1269 2510 1330; baseline 0.004 -13"><span class='ocrx_word' id='word_1_285' title='bbox 1443 1270 1595 1318; x_wconf 77' lang='lat' dir='ltr'><strong>Iassae</strong></span> <span class='ocrx_word' id='word_1_286' title='bbox 1640 1270 1692 1318; x_wconf 92' lang='lat' dir='ltr'><strong>in</strong></span> <span class='ocrx_word' id='word_1_287' title='bbox 1732 1269 1978 1320; x_wconf 81' lang='lat' dir='ltr'><strong>Parnassi</strong></span> <span class='ocrx_word' id='word_1_288' title='bbox 2018 1272 2215 1321; x_wconf 84' lang='lat' dir='ltr'><strong>vertice</strong></span> <span class='ocrx_word' id='word_1_289' title='bbox 2260 1270 2510 1330; x_wconf 70' lang='lat' dir='ltr'><strong>consede·¹</strong></span> 
     </span>
     <span class='ocr_line' id='line_1_60' title="bbox 1445 1352 1582 1395; baseline 0.022 -3"><span class='ocrx_word' id='word_1_290' title='bbox 1445 1352 1582 1395; x_wconf 83' lang='lat' dir='ltr'><strong>runt.</strong></span> 
     </span>
    </p>

    <p class='ocr_par' dir='ltr' id='par_1_13' title="bbox 1442 1415 2513 1703">
     <span class='ocr_line' id='line_1_61' title="bbox 1513 1415 2510 1486; baseline 0.004 -17"><span class='ocrx_word' id='word_1_291' title='bbox 1513 1420 1732 1485; x_wconf 51' lang='lat' dir='ltr'><strong>&amp;iccium</strong></span> <span class='ocrx_word' id='word_1_292' title='bbox 1766 1415 1995 1486; x_wconf 70' lang='lat' dir='ltr'><strong>Natura]</strong></span> <span class='ocrx_word' id='word_1_293' title='bbox 2047 1423 2255 1475; x_wconf 88' lang='lat' dir='ltr'><strong>Natura</strong></span> <span class='ocrx_word' id='word_1_294' title='bbox 2288 1424 2510 1474; x_wconf 87' lang='lat' dir='ltr'><strong>Univer-</strong></span> 
     </span>
     <span class='ocr_line' id='line_1_62' title="bbox 1442 1499 2506 1565; baseline 0.005 -19"><span class='ocrx_word' id='word_1_295' title='bbox 1442 1513 1571 1547; x_wconf 87' lang='lat' dir='ltr'><strong>sum.</strong></span> <span class='ocrx_word' id='word_1_296' title='bbox 1590 1499 1886 1549; x_wconf 83' lang='lat' dir='ltr'><strong>Priscianus</strong></span> <span class='ocrx_word' id='word_1_297' title='bbox 1911 1501 2209 1565; x_wconf 83' lang='lat' dir='ltr'><strong>Periegesi:</strong></span> <span class='ocrx_word' id='word_1_298' title='bbox 2244 1503 2260 1530; x_wconf 88' lang='lat'>‘</span> <span class='ocrx_word' id='word_1_299' title='bbox 2288 1501 2506 1551; x_wconf 83' lang='lat' dir='ltr'><strong>Naturae</strong></span> 
     </span>
     <span class='ocr_line' id='line_1_63' title="bbox 1444 1571 2513 1640; baseline 0.006 -17"><span class='ocrx_word' id='word_1_300' title='bbox 1444 1575 1665 1639; x_wconf 83' lang='lat' dir='ltr'><strong>genitor,</strong></span> <span class='ocrx_word' id='word_1_301' title='bbox 1703 1589 1815 1640; x_wconf 69' lang='lat' dir='ltr'><strong>quse</strong></span> <span class='ocrx_word' id='word_1_302' title='bbox 1850 1576 2095 1627; x_wconf 87' lang='lat' dir='ltr'><strong>mundum</strong></span> <span class='ocrx_word' id='word_1_303' title='bbox 2133 1571 2372 1628; x_wconf 82' lang='lat' dir='ltr'><strong>continet</strong></span> <span class='ocrx_word' id='word_1_304' title='bbox 2406 1592 2513 1629; x_wconf 90' lang='lat' dir='ltr'><strong>om·</strong></span> 
     </span>
     <span class='ocr_line' id='line_1_64' title="bbox 1442 1649 1902 1703; baseline 0.007 -4"><span class='ocrx_word' id='word_1_305' title='bbox 1442 1651 1594 1701; x_wconf 64' lang='lat' dir='ltr'><strong>nem?</strong></span> <span class='ocrx_word' id='word_1_306' title='bbox 1643 1653 1821 1703; x_wconf 67' lang='lat' dir='ltr'><strong>Barth.</strong></span> <span class='ocrx_word' id='word_1_307' title='bbox 1893 1649 1902 1654; x_wconf 76' lang='grc'><em>’</em></span> 
     </span>
    </p>

    <p class='ocr_par' dir='ltr' id='par_1_14' title="bbox 1444 1728 2514 1854">
     <span class='ocr_line' id='line_1_65' title="bbox 1511 1728 2514 1796; baseline 0.001 -18"><span class='ocrx_word' id='word_1_308' title='bbox 1511 1734 1571 1778; x_wconf 85' lang='grc'><strong>12</strong></span> <span class='ocrx_word' id='word_1_309' title='bbox 1608 1731 1765 1792; x_wconf 81' lang='lat' dir='ltr'><strong>Regni</strong></span> <span class='ocrx_word' id='word_1_310' title='bbox 1783 1730 1964 1781; x_wconf 79' lang='lat' dir='ltr'><strong>nescius</strong></span> <span class='ocrx_word' id='word_1_311' title='bbox 1983 1731 2084 1796; x_wconf 78' lang='lat' dir='ltr'><strong>ipse</strong></span> <span class='ocrx_word' id='word_1_312' title='bbox 2102 1731 2206 1795; x_wconf 83' lang='lat' dir='ltr'><strong>sui]</strong></span> <span class='ocrx_word' id='word_1_313' title='bbox 2234 1729 2378 1780; x_wconf 88' lang='lat' dir='ltr'><strong>Scita</strong></span> <span class='ocrx_word' id='word_1_314' title='bbox 2398 1728 2514 1786; x_wconf 51' lang='lat' dir='ltr'><strong>irrie</strong></span> 
     </span>
     <span class='ocr_line' id='line_1_66' title="bbox 1444 1803 1729 1854; baseline 0.004 -1"><span class='ocrx_word' id='word_1_315' title='bbox 1444 1803 1535 1854; x_wconf 91' lang='lat' dir='ltr'><strong>sio.</strong></span> <span class='ocrx_word' id='word_1_316' title='bbox 1578 1806 1729 1854; x_wconf 81' lang='lat' dir='ltr'><strong>Idem.</strong></span> 
     </span>
    </p>

    <p class='ocr_par' dir='ltr' id='par_1_15' title="bbox 1445 1882 2571 2161">
     <span class='ocr_line' id='line_1_67' title="bbox 1509 1882 2508 1947; baseline 0.002 -16"><span class='ocrx_word' id='word_1_317' title='bbox 1509 1886 1570 1931; x_wconf 77' lang='lat'><strong>13</strong></span> <span class='ocrx_word' id='word_1_318' title='bbox 1606 1882 1904 1947; x_wconf 79' lang='lat' dir='ltr'><strong>Armigeros]</strong></span> <span class='ocrx_word' id='word_1_319' title='bbox 1951 1884 2112 1933; x_wconf 86' lang='lat' dir='ltr'><strong>Silius</strong></span> <span class='ocrx_word' id='word_1_320' title='bbox 2131 1882 2367 1946; x_wconf 69' lang='lat' dir='ltr'><strong>Italicae,</strong></span> <span class='ocrx_word' id='word_1_321' title='bbox 2389 1883 2423 1933; x_wconf 87' lang='lat' dir='ltr'><strong>l.</strong></span> <span class='ocrx_word' id='word_1_322' title='bbox 2450 1894 2508 1933; x_wconf 73' lang='grc' dir='ltr'><strong>Χ.</strong></span> 
     </span>
     <span class='ocr_line' id='line_1_68' title="bbox 1445 1957 2571 2024; baseline 0 -17"><span class='ocrx_word' id='word_1_323' title='bbox 1445 1957 1729 2023; x_wconf 72' lang='lat' dir='ltr'><strong>‘Armiger</strong></span> <span class='ocrx_word' id='word_1_324' title='bbox 1772 1960 1908 2009; x_wconf 86' lang='lat' dir='ltr'><strong>haud</strong></span> <span class='ocrx_word' id='word_1_325' title='bbox 1954 1962 2105 2010; x_wconf 86' lang='lat' dir='ltr'><strong>aliter</strong></span> <span class='ocrx_word' id='word_1_326' title='bbox 2141 1961 2315 2024; x_wconf 86' lang='lat' dir='ltr'><strong>magni</strong></span> <span class='ocrx_word' id='word_1_327' title='bbox 2361 1960 2514 2011; x_wconf 71' lang='lat' dir='ltr'><strong>Jovis</strong></span> <span class='ocrx_word' id='word_1_328' title='bbox 2569 1997 2571 1999; x_wconf 22' lang='lat' dir='ltr'>v</span> 
     </span>
     <span class='ocr_line' id='line_1_69' title="bbox 1446 2036 2512 2099; baseline 0 -14"><span class='ocrx_word' id='word_1_329' title='bbox 1446 2037 1597 2085; x_wconf 86' lang='lat' dir='ltr'><strong>anxia</strong></span> <span class='ocrx_word' id='word_1_330' title='bbox 1634 2036 1754 2084; x_wconf 90' lang='lat' dir='ltr'><strong>nido</strong></span> <span class='ocrx_word' id='word_1_331' title='bbox 1802 2037 1929 2092; x_wconf 86' lang='lat' dir='ltr'><strong>Cum</strong></span> <span class='ocrx_word' id='word_1_332' title='bbox 1982 2036 2165 2099; x_wconf 87' lang='lat' dir='ltr'><strong>dignos</strong></span> <span class='ocrx_word' id='word_1_333' title='bbox 2203 2036 2370 2086; x_wconf 87' lang='lat' dir='ltr'><strong>nutrit</strong></span> <span class='ocrx_word' id='word_1_334' title='bbox 2400 2049 2512 2099; x_wconf 75' lang='lat' dir='ltr'><strong>ges·-</strong></span> 
     </span>
     <span class='ocr_line' id='line_1_70' title="bbox 1446 2107 2147 2161; baseline -0.001 0"><span class='ocrx_word' id='word_1_335' title='bbox 1446 2112 1605 2161; x_wconf 86' lang='lat' dir='ltr'><strong>tanda</strong></span> <span class='ocrx_word' id='word_1_336' title='bbox 1628 2111 1692 2158; x_wconf 88' lang='lat' dir='ltr'><strong>ad</strong></span> <span class='ocrx_word' id='word_1_337' title='bbox 1716 2107 1933 2158; x_wconf 86' lang='lat' dir='ltr'><strong>fulmina</strong></span> <span class='ocrx_word' id='word_1_338' title='bbox 1956 2110 2147 2161; x_wconf 67' lang='lat' dir='ltr'><strong>foetus!</strong></span> 
     </span>
    </p>

    <p class='ocr_par' dir='ltr' id='par_1_16' title="bbox 1445 2185 2508 2314">
     <span class='ocr_line' id='line_1_71' title="bbox 1509 2185 2508 2252; baseline 0.003 -16"><span class='ocrx_word' id='word_1_339' title='bbox 1509 2185 1787 2251; x_wconf 80' lang='lat' dir='ltr'><strong>AEqualibus</strong></span> <span class='ocrx_word' id='word_1_340' title='bbox 1821 2187 1931 2252; x_wconf 82' lang='lat' dir='ltr'><strong>alis]</strong></span> <span class='ocrx_word' id='word_1_341' title='bbox 1996 2188 2170 2237; x_wconf 85' lang='lat' dir='ltr'><strong>AEtate</strong></span> <span class='ocrx_word' id='word_1_342' title='bbox 2210 2193 2265 2237; x_wconf 89' lang='lat' dir='ltr'><strong>et</strong></span> <span class='ocrx_word' id='word_1_343' title='bbox 2303 2187 2508 2240; x_wconf 81' lang='lat' dir='ltr'><strong>robore.</strong></span> 
     </span>
     <span class='ocr_line' id='line_1_72' title="bbox 1445 2260 1623 2314; baseline 0.006 -1"><span class='ocrx_word' id='word_1_344' title='bbox 1445 2260 1623 2314; x_wconf 69' lang='lat' dir='ltr'><strong>B‘urlh.</strong></span> 
     </span>
    </p>

    <p class='ocr_par' dir='ltr' id='par_1_17' title="bbox 1441 2335 2510 2700">
     <span class='ocr_line' id='line_1_73' title="bbox 1458 2335 2510 2406; baseline -0.001 -16"><span class='ocrx_word' id='word_1_345' title='bbox 1458 2335 1465 2340; x_wconf 73' lang='grc'>’</span> <span class='ocrx_word' id='word_1_346' title='bbox 1510 2345 1570 2390; x_wconf 83' lang='grc'><strong>15</strong></span> <span class='ocrx_word' id='word_1_347' title='bbox 1610 2340 1889 2406; x_wconf 79' lang='lat' dir='ltr'><strong>Parnassus]</strong></span> <span class='ocrx_word' id='word_1_348' title='bbox 1943 2337 2048 2390; x_wconf 79' lang='lat' dir='ltr'><strong>Hic</strong></span> <span class='ocrx_word' id='word_1_349' title='bbox 2084 2354 2229 2390; x_wconf 87' lang='lat' dir='ltr'><strong>mons</strong></span> <span class='ocrx_word' id='word_1_350' title='bbox 2271 2355 2302 2389; x_wconf 91' lang='lat' dir='ltr'><strong>a</strong></span> <span class='ocrx_word' id='word_1_351' title='bbox 2340 2339 2510 2390; x_wconf 82' lang='lat' dir='ltr'><strong>Musis</strong></span> 
     </span>
     <span class='ocr_line' id='line_1_74' title="bbox 1441 2416 2508 2469; baseline 0 -2"><span class='ocrx_word' id='word_1_352' title='bbox 1441 2418 1746 2468; x_wconf 76' lang='lat' dir='ltr'><strong>nobilitatus</strong></span> <span class='ocrx_word' id='word_1_353' title='bbox 1766 2424 1847 2469; x_wconf 89' lang='lat' dir='ltr'><strong>est</strong></span> <span class='ocrx_word' id='word_1_354' title='bbox 1877 2419 1929 2468; x_wconf 88' lang='lat' dir='ltr'><strong>in</strong></span> <span class='ocrx_word' id='word_1_355' title='bbox 1964 2425 2115 2469; x_wconf 83' lang='lat' dir='ltr'><strong>terrae</strong></span> <span class='ocrx_word' id='word_1_356' title='bbox 2153 2416 2341 2468; x_wconf 86' lang='lat' dir='ltr'><strong>medio.</strong></span> <span class='ocrx_word' id='word_1_357' title='bbox 2394 2417 2508 2468; x_wconf 86' lang='lat' dir='ltr'><strong>Sta-</strong></span> 
     </span>
     <span class='ocr_line' id='line_1_75' title="bbox 1441 2496 2508 2561; baseline -0.001 -16"><span class='ocrx_word' id='word_1_358' title='bbox 1441 2497 1564 2559; x_wconf 69' lang='lat' dir='ltr'><strong>tiuS,</strong></span> <span class='ocrx_word' id='word_1_359' title='bbox 1607 2497 1842 2546; x_wconf 77' lang='lat' dir='ltr'><strong>medium⁴</strong></span> <span class='ocrx_word' id='word_1_360' title='bbox 1876 2498 1993 2547; x_wconf 82' lang='lat' dir='ltr'><strong>caeli</strong></span> <span class='ocrx_word' id='word_1_361' title='bbox 2054 2502 2355 2561; x_wconf 84' lang='lat' dir='ltr'><strong>nuncupat3</strong></span> <span class='ocrx_word' id='word_1_362' title='bbox 2416 2496 2508 2544; x_wconf 88' lang='lat' dir='ltr'><strong>ubi</strong></span> 
     </span>
     <span class='ocr_line' id='line_1_76' title="bbox 1441 2573 2509 2636; baseline -0.003 -13"><span class='ocrx_word' id='word_1_363' title='bbox 1441 2575 1707 2636; x_wconf 72' lang='lat' dir='ltr'><strong>Lutatius,</strong></span> <span class='ocrx_word' id='word_1_364' title='bbox 1755 2575 2045 2624; x_wconf 86' lang='lat' dir='ltr'><strong>Umbilicus</strong></span> <span class='ocrx_word' id='word_1_365' title='bbox 2088 2582 2243 2623; x_wconf 85' lang='lat' dir='ltr'><strong>terrae</strong></span> <span class='ocrx_word' id='word_1_366' title='bbox 2281 2573 2509 2622; x_wconf 85' lang='lat' dir='ltr'><strong>Parnas-</strong></span> 
     </span>
     <span class='ocr_line' id='line_1_77' title="bbox 1443 2651 2298 2700; baseline -0.005 0"><span class='ocrx_word' id='word_1_367' title='bbox 1443 2664 1546 2700; x_wconf 74' lang='lat' dir='ltr'><strong>sus·</strong></span> <span class='ocrx_word' id='word_1_368' title='bbox 1583 2651 1765 2700; x_wconf 76' lang='lat' dir='ltr'><strong>Cluver.</strong></span> <span class='ocrx_word' id='word_1_369' title='bbox 2291 2660 2298 2665; x_wconf 88' lang='lat'><strong>·</strong></span> 
     </span>
    </p>

    <p class='ocr_par' dir='ltr' id='par_1_18' title="bbox 1441 2724 2507 2854">
     <span class='ocr_line' id='line_1_78' title="bbox 1458 2724 2507 2792; baseline 0.001 -16"><span class='ocrx_word' id='word_1_370' title='bbox 1458 2734 1468 2741; x_wconf 88' lang='grc'><strong>”</strong></span> <span class='ocrx_word' id='word_1_371' title='bbox 1508 2730 1572 2776; x_wconf 80' lang='grc'><strong>16</strong></span> <span class='ocrx_word' id='word_1_372' title='bbox 1615 2726 1862 2792; x_wconf 69' lang='lat' dir='ltr'><strong>Alternus]</strong></span> <span class='ocrx_word' id='word_1_373' title='bbox 1916 2724 2109 2776; x_wconf 72' lang='lat' dir='ltr'><strong>Ambae</strong></span> <span class='ocrx_word' id='word_1_374' title='bbox 2154 2725 2332 2776; x_wconf 80' lang='lat' dir='ltr'><strong>dicere</strong></span> <span class='ocrx_word' id='word_1_375' title='bbox 2375 2726 2507 2777; x_wconf 78' lang='lat' dir='ltr'><strong>vult.</strong></span> 
     </span>
     <span class='ocr_line' id='line_1_79' title="bbox 1441 2796 2388 2854; baseline 0 0"><span class='ocrx_word' id='word_1_376' title='bbox 1441 2805 1620 2854; x_wconf 74' lang='lat' dir='ltr'><strong>Bar-lli.</strong></span> <span class='ocrx_word' id='word_1_377' title='bbox 2385 2796 2388 2799; x_wconf 37' lang='grc'>“</span> 
     </span>
    </p>

    <p class='ocr_par' dir='ltr' id='par_1_19' title="bbox 1508 2882 2459 2949">
     <span class='ocr_line' id='line_1_80' title="bbox 1508 2882 2459 2949; baseline -0.001 -15"><span class='ocrx_word' id='word_1_378' title='bbox 1508 2889 1570 2934; x_wconf 77' lang='grc'><strong>17</strong></span> <span class='ocrx_word' id='word_1_379' title='bbox 1608 2885 1783 2949; x_wconf 80' lang='lat' dir='ltr'><strong>Curat]</strong></span> <span class='ocrx_word' id='word_1_380' title='bbox 1816 2883 2023 2943; x_wconf 83' lang='lat' dir='ltr'><strong>Studet,</strong></span> <span class='ocrx_word' id='word_1_381' title='bbox 2047 2884 2251 2948; x_wconf 80' lang='lat' dir='ltr'><strong>satagit.</strong></span> <span class='ocrx_word' id='word_1_382' title='bbox 2310 2882 2459 2933; x_wconf 83' lang='lat' dir='ltr'><strong>Idem.</strong></span> 
     </span>
    </p>

    <p class='ocr_par' dir='ltr' id='par_1_20' title="bbox 1438 2956 2505 3087">
     <span class='ocr_line' id='line_1_81' title="bbox 1462 2956 2505 3024; baseline -0.003 -14"><span class='ocrx_word' id='word_1_383' title='bbox 1462 2956 1467 2963; x_wconf 75' lang='grc'><strong><em>’</em></strong></span> <span class='ocrx_word' id='word_1_384' title='bbox 1508 2966 1571 3010; x_wconf 84' lang='grc'><strong>18</strong></span> <span class='ocrx_word' id='word_1_385' title='bbox 1608 2962 1797 3011; x_wconf 79' lang='lat' dir='ltr'><strong>Certius</strong></span> <span class='ocrx_word' id='word_1_386' title='bbox 1828 2961 1881 3011; x_wconf 77' lang='lat' dir='ltr'><strong>in</strong></span> <span class='ocrx_word' id='word_1_387' title='bbox 1917 2960 2071 3024; x_wconf 78' lang='lat' dir='ltr'><strong>nobis]</strong></span> <span class='ocrx_word' id='word_1_388' title='bbox 2105 2961 2165 3009; x_wconf 75' lang='lat' dir='ltr'><strong>In</strong></span> <span class='ocrx_word' id='word_1_389' title='bbox 2195 2958 2324 3009; x_wconf 71' lang='lat' dir='ltr'><strong>vobis</strong></span> <span class='ocrx_word' id='word_1_390' title='bbox 2357 2959 2505 3023; x_wconf 78' lang='lat' dir='ltr'><strong>prim.</strong></span> 
     </span>
     <span class='ocr_line' id='line_1_82' title="bbox 1438 3027 2016 3087; baseline -0.002 0"><span class='ocrx_word' id='word_1_391' title='bbox 1438 3027 1684 3087; x_wconf 83' lang='lat' dir='ltr'><strong>Vatican.</strong></span> <span class='ocrx_word' id='word_1_392' title='bbox 1747 3038 1816 3087; x_wconf 90' lang='lat' dir='ltr'><strong>D.</strong></span> <span class='ocrx_word' id='word_1_393' title='bbox 1851 3038 2016 3086; x_wconf 79' lang='lat' dir='ltr'><strong>Heius.</strong></span> 
     </span>
    </p>

    <p class='ocr_par' dir='ltr' id='par_1_21' title="bbox 1432 3108 2510 3411">
     <span class='ocr_line' id='line_1_83' title="bbox 1507 3108 2507 3179; baseline -0.006 -15"><span class='ocrx_word' id='word_1_394' title='bbox 1507 3113 1681 3179; x_wconf 77' lang='lat' dir='ltr'><strong>Nobis]</strong></span> <span class='ocrx_word' id='word_1_395' title='bbox 1729 3114 1831 3166; x_wconf 78' lang='lat' dir='ltr'><strong>Qui</strong></span> <span class='ocrx_word' id='word_1_396' title='bbox 1890 3112 2095 3163; x_wconf 85' lang='lat' dir='ltr'><strong>honoris</strong></span> <span class='ocrx_word' id='word_1_397' title='bbox 2147 3111 2258 3176; x_wconf 86' lang='lat' dir='ltr'><strong>ejus</strong></span> <span class='ocrx_word' id='word_1_398' title='bbox 2319 3108 2507 3174; x_wconf 82' lang='lat' dir='ltr'><strong>gratia,</strong></span> 
     </span>
     <span class='ocr_line' id='line_1_84' title="bbox 1441 3188 2509 3258; baseline -0.005 -16"><span class='ocrx_word' id='word_1_399' title='bbox 1441 3193 1639 3258; x_wconf 86' lang='lat' dir='ltr'><strong>subque</strong></span> <span class='ocrx_word' id='word_1_400' title='bbox 1672 3198 1802 3241; x_wconf 89' lang='lat' dir='ltr'><strong>nutu</strong></span> <span class='ocrx_word' id='word_1_401' title='bbox 1825 3191 1985 3255; x_wconf 82' lang='lat' dir='ltr'><strong>ipsius</strong></span> <span class='ocrx_word' id='word_1_402' title='bbox 2019 3190 2117 3239; x_wconf 86' lang='lat' dir='ltr'><strong>huc</strong></span> <span class='ocrx_word' id='word_1_403' title='bbox 2143 3188 2509 3239; x_wconf 83' lang='lat' dir='ltr'><strong>convenimus:</strong></span> 
     </span>
     <span class='ocr_line' id='line_1_85' title="bbox 1432 3265 2510 3339; baseline -0.005 -19"><span class='ocrx_word' id='word_1_404' title='bbox 1432 3284 1695 3339; x_wconf 77' lang='lat' dir='ltr'><strong>generoso</strong></span> <span class='ocrx_word' id='word_1_405' title='bbox 1737 3272 1906 3321; x_wconf 89' lang='lat' dir='ltr'><strong>animo</strong></span> <span class='ocrx_word' id='word_1_406' title='bbox 1947 3286 2061 3319; x_wconf 88' lang='lat' dir='ltr'><strong>sese</strong></span> <span class='ocrx_word' id='word_1_407' title='bbox 2100 3268 2335 3333; x_wconf 82' lang='lat' dir='ltr'><strong>agnoscit</strong></span> <span class='ocrx_word' id='word_1_408' title='bbox 2368 3265 2510 3316; x_wconf 88' lang='lat' dir='ltr'><strong>duci-</strong></span> 
     </span>
     <span class='ocr_line' id='line_1_86' title="bbox 1441 3345 2478 3411; baseline 0 -14"><span class='ocrx_word' id='word_1_409' title='bbox 1441 3348 1537 3397; x_wconf 89' lang='lat' dir='ltr'><strong>bus</strong></span> <span class='ocrx_word' id='word_1_410' title='bbox 1563 3346 1771 3397; x_wconf 81' lang='lat' dir='ltr'><strong>Achivis</strong></span> <span class='ocrx_word' id='word_1_411' title='bbox 1798 3347 2119 3411; x_wconf 86' lang='lat' dir='ltr'><strong>permistum.</strong></span> <span class='ocrx_word' id='word_1_412' title='bbox 2158 3345 2336 3395; x_wconf 73' lang='lat' dir='ltr'><strong>Barth.</strong></span> <span class='ocrx_word' id='word_1_413' title='bbox 2473 3391 2478 3397; x_wconf 87' lang='lat'><strong>.</strong></span> 
     </span>
    </p>

    <p class='ocr_par' dir='ltr' id='par_1_22' title="bbox 1438 3418 2509 3873">
     <span class='ocr_line' id='line_1_87' title="bbox 1507 3418 2505 3488; baseline -0.008 -14"><span class='ocrx_word' id='word_1_414' title='bbox 1507 3429 1570 3474; x_wconf 87' lang='grc'><strong>19</strong></span> <span class='ocrx_word' id='word_1_415' title='bbox 1605 3425 1713 3475; x_wconf 82' lang='lat' dir='ltr'><strong>Hoc</strong></span> <span class='ocrx_word' id='word_1_416' title='bbox 1732 3441 1815 3487; x_wconf 76' lang='lat' dir='ltr'><strong>ego</strong></span> <span class='ocrx_word' id='word_1_417' title='bbox 1838 3424 2053 3488; x_wconf 80' lang='lat' dir='ltr'><strong>concilio]</strong></span> <span class='ocrx_word' id='word_1_418' title='bbox 2086 3422 2249 3471; x_wconf 83' lang='lat' dir='ltr'><strong>Vides</strong></span> <span class='ocrx_word' id='word_1_419' title='bbox 2274 3428 2333 3469; x_wconf 89' lang='lat' dir='ltr'><strong>ut</strong></span> <span class='ocrx_word' id='word_1_420' title='bbox 2349 3418 2505 3468; x_wconf 87' lang='lat' dir='ltr'><strong>floru-</strong></span> 
     </span>
     <span class='ocr_line' id='line_1_88' title="bbox 1440 3499 2507 3559; baseline -0.007 -8"><span class='ocrx_word' id='word_1_421' title='bbox 1440 3503 1545 3551; x_wconf 89' lang='lat' dir='ltr'><strong>erit</strong></span> <span class='ocrx_word' id='word_1_422' title='bbox 1570 3503 1656 3550; x_wconf 87' lang='lat' dir='ltr'><strong>illo</strong></span> <span class='ocrx_word' id='word_1_423' title='bbox 1682 3502 1837 3549; x_wconf 78' lang='lat' dir='ltr'><strong>etiam</strong></span> <span class='ocrx_word' id='word_1_424' title='bbox 1864 3517 1975 3550; x_wconf 85' lang='lat' dir='ltr'><strong>aevo</strong></span> <span class='ocrx_word' id='word_1_425' title='bbox 2008 3499 2382 3559; x_wconf 87' lang='lat' dir='ltr'><strong>Mediolanum,</strong></span> <span class='ocrx_word' id='word_1_426' title='bbox 2403 3509 2507 3544; x_wconf 87' lang='lat' dir='ltr'><strong>non</strong></span> 
     </span>
     <span class='ocr_line' id='line_1_89' title="bbox 1438 3571 2509 3642; baseline -0.007 -14"><span class='ocrx_word' id='word_1_427' title='bbox 1438 3579 1516 3628; x_wconf 87' lang='lat' dir='ltr'><strong>ita</strong></span> <span class='ocrx_word' id='word_1_428' title='bbox 1545 3578 1745 3642; x_wconf 85' lang='lat' dir='ltr'><strong>pridem</strong></span> <span class='ocrx_word' id='word_1_429' title='bbox 1765 3578 1951 3628; x_wconf 80' lang='lat' dir='ltr'><strong>Gauiae</strong></span> <span class='ocrx_word' id='word_1_430' title='bbox 1978 3576 2087 3637; x_wconf 84' lang='lat' dir='ltr'><strong>regi</strong></span> <span class='ocrx_word' id='word_1_431' title='bbox 2112 3573 2395 3634; x_wconf 87' lang='lat' dir='ltr'><strong>subditum,</strong></span> <span class='ocrx_word' id='word_1_432' title='bbox 2414 3571 2509 3621; x_wconf 83' lang='lat' dir='ltr'><strong>ubi</strong></span> 
     </span>
     <span class='ocr_line' id='line_1_90' title="bbox 1440 3647 2506 3704; baseline -0.01 1"><span class='ocrx_word' id='word_1_433' title='bbox 1440 3657 1746 3704; x_wconf 83' lang='lat' dir='ltr'><strong>Parrhasius</strong></span> <span class='ocrx_word' id='word_1_434' title='bbox 1792 3655 1953 3701; x_wconf 88' lang='lat' dir='ltr'><strong>etiam</strong></span> <span class='ocrx_word' id='word_1_435' title='bbox 1996 3650 2333 3700; x_wconf 87' lang='lat' dir='ltr'><strong>Claudianum</strong></span> <span class='ocrx_word' id='word_1_436' title='bbox 2368 3647 2506 3696; x_wconf 85' lang='lat' dir='ltr'><strong>bunc</strong></span> 
     </span>
     <span class='ocr_line' id='line_1_91' title="bbox 1439 3724 2509 3797; baseline -0.007 -15"><span class='ocrx_word' id='word_1_437' title='bbox 1439 3732 1755 3797; x_wconf 86' lang='lat' dir='ltr'><strong>explicavit:</strong></span> <span class='ocrx_word' id='word_1_438' title='bbox 1793 3745 1916 3778; x_wconf 88' lang='lat' dir='ltr'><strong>sane</strong></span> <span class='ocrx_word' id='word_1_439' title='bbox 1947 3724 2034 3778; x_wconf 78' lang='lat' dir='ltr'><strong>hic’</strong></span> <span class='ocrx_word' id='word_1_440' title='bbox 2072 3726 2184 3777; x_wconf 78' lang='lat' dir='ltr'><strong>fere</strong></span> <span class='ocrx_word' id='word_1_441' title='bbox 2225 3725 2337 3775; x_wconf 84' lang='lat' dir='ltr'><strong>orbi</strong></span> <span class='ocrx_word' id='word_1_442' title='bbox 2369 3736 2509 3775; x_wconf 84' lang='lat' dir='ltr'><strong>com·</strong></span> 
     </span>
     <span class='ocr_line' id='line_1_92' title="bbox 1441 3809 1899 3873; baseline -0.013 -15"><span class='ocrx_word' id='word_1_443' title='bbox 1441 3816 1671 3873; x_wconf 86' lang='lat' dir='ltr'><strong>paratur.</strong></span> <span class='ocrx_word' id='word_1_444' title='bbox 1711 3809 1899 3855; x_wconf 83' lang='lat' dir='ltr'><strong>Claver.</strong></span> 
     </span>
    </p>

    <p class='ocr_par' dir='ltr' id='par_1_23' title="bbox 1442 3879 2509 4112">
     <span class='ocr_line' id='line_1_93' title="bbox 1491 3879 2507 3948; baseline -0.007 -14"><span class='ocrx_word' id='word_1_445' title='bbox 1491 3890 1556 3936; x_wconf 83' lang='lat'><strong>20</strong></span> <span class='ocrx_word' id='word_1_446' title='bbox 1594 3885 1830 3948; x_wconf 80' lang='lat' dir='ltr'><strong>Quicquid</strong></span> <span class='ocrx_word' id='word_1_447' title='bbox 1865 3882 2034 3946; x_wconf 81' lang='lat' dir='ltr'><strong>ubique</strong></span> <span class='ocrx_word' id='word_1_448' title='bbox 2066 3879 2231 3944; x_wconf 78' lang='lat' dir='ltr'><strong>micat]</strong></span> <span class='ocrx_word' id='word_1_449' title='bbox 2261 3879 2507 3930; x_wconf 81' lang='lat' dir='ltr'><strong>Senatum</strong></span> 
     </span>
     <span class='ocr_line' id='line_1_94' title="bbox 1443 3953 2509 4022; baseline -0.006 -12"><span class='ocrx_word' id='word_1_450' title='bbox 1443 3960 1747 4022; x_wconf 84' lang='lat' dir='ltr'><strong>Romanum,</strong></span> <span class='ocrx_word' id='word_1_451' title='bbox 1766 3961 1868 4009; x_wconf 88' lang='lat' dir='ltr'><strong>illic</strong></span> <span class='ocrx_word' id='word_1_452' title='bbox 1894 3965 2224 4022; x_wconf 56' lang='lat' dir='ltr'><strong>praesentem,</strong></span> <span class='ocrx_word' id='word_1_453' title='bbox 2248 3960 2402 4017; x_wconf 36' lang='lat' dir='ltr'><strong>certe·</strong></span> <span class='ocrx_word' id='word_1_454' title='bbox 2417 3953 2509 4006; x_wconf 87' lang='lat' dir='ltr'><strong>bo-</strong></span> 
     </span>
     <span class='ocr_line' id='line_1_95' title="bbox 1442 4030 2210 4112; baseline -0.005 -22"><span class='ocrx_word' id='word_1_455' title='bbox 1442 4054 1560 4090; x_wconf 87' lang='lat' dir='ltr'><strong>nam</strong></span> <span class='ocrx_word' id='word_1_456' title='bbox 1584 4045 1673 4088; x_wconf 87' lang='lat' dir='ltr'><strong>aut</strong></span> <span class='ocrx_word' id='word_1_457' title='bbox 1696 4037 1961 4087; x_wconf 87' lang='lat' dir='ltr'><strong>meliorem</strong></span> <span class='ocrx_word' id='word_1_458' title='bbox 1986 4030 2210 4112; x_wconf 80' lang='lat' dir='ltr'><strong>partem.</strong></span> 
     </span>
    </p>
   </div>
  </div>
 </body>
</html>
