<?xml version="1.0" encoding="UTF-8"?>
<!DOCTYPE html PUBLIC "-//W3C//DTD XHTML 1.0 Transitional//EN"
    "http://www.w3.org/TR/xhtml1/DTD/xhtml1-transitional.dtd">
<html xmlns="http://www.w3.org/1999/xhtml" xml:lang="en" lang="en">
 <head>
  <title>
</title>
<meta http-equiv="Content-Type" content="text/html;charset=utf-8" />
  <meta name='ocr-system' content='tesseract 3.04.00' />
  <meta name='ocr-capabilities' content='ocr_page ocr_carea ocr_par ocr_line ocrx_word'/>
</head>
<body>
  <div class='ocr_page' id='page_1' title='image "./operaomnia02cassgoog/operaomnia02cassgoog_0470.png"; bbox 0 0 2992 4925; ppageno 0'>
   <div class='ocr_carea' id='block_1_1' title="bbox 492 394 2305 465">
    <p class='ocr_par' dir='ltr' id='par_1_1' title="bbox 492 394 2305 465">
     <span class='ocr_line' id='line_1_1' title="bbox 492 394 2305 465; baseline -0.004 0"><span class='ocrx_word' id='word_1_1' title='bbox 492 394 668 465; x_wconf 69' lang='lat' dir='ltr'>lm</span> <span class='ocrx_word' id='word_1_2' title='bbox 885 411 1277 461; x_wconf 63' lang='lat' dir='ltr'>anonusus</span> <span class='ocrx_word' id='word_1_3' title='bbox 1323 396 1666 460; x_wconf 58' lang='lat' dir='ltr'>comeum</span> <span class='ocrx_word' id='word_1_4' title='bbox 1715 410 1830 458; x_wconf 72' lang='lat' dir='ltr'>cr..</span> <span class='ocrx_word' id='word_1_5' title='bbox 1875 408 2305 459; x_wconf 58' lang='lat' dir='ltr'>cunnum</span> 
     </span>
    </p>
   </div>
   <div class='ocr_carea' id='block_1_2' title="bbox 483 559 2701 1141">
    <p class='ocr_par' dir='ltr' id='par_1_2' title="bbox 483 559 2701 1141">
     <span class='ocr_line' id='line_1_2' title="bbox 483 559 2696 651; baseline -0.001 -21"><span class='ocrx_word' id='word_1_6' title='bbox 483 565 805 651; x_wconf 77' lang='lat' dir='ltr'>precieux</span> <span class='ocrx_word' id='word_1_7' title='bbox 847 583 971 647; x_wconf 88' lang='lat' dir='ltr'>par</span> <span class='ocrx_word' id='word_1_8' title='bbox 1014 581 1140 628; x_wconf 90' lang='lat' dir='ltr'>son</span> <span class='ocrx_word' id='word_1_9' title='bbox 1170 561 1524 646; x_wconf 59' lang='lat' dir='ltr'>antiquita,</span> <span class='ocrx_word' id='word_1_10' title='bbox 1569 561 1742 626; x_wconf 88' lang='lat' dir='ltr'>ainsi</span> <span class='ocrx_word' id='word_1_11' title='bbox 1788 559 1945 644; x_wconf 74' lang='lat' dir='ltr'>qu’a</span> <span class='ocrx_word' id='word_1_12' title='bbox 1989 562 2219 627; x_wconf 87' lang='lat' dir='ltr'>raison</span> <span class='ocrx_word' id='word_1_13' title='bbox 2251 561 2370 626; x_wconf 85' lang='lat' dir='ltr'>des</span> <span class='ocrx_word' id='word_1_14' title='bbox 2416 561 2696 647; x_wconf 74' lang='lat' dir='ltr'>change-</span> 
     </span>
     <span class='ocr_line' id='line_1_3' title="bbox 490 663 2697 751; baseline -0.003 -14"><span class='ocrx_word' id='word_1_15' title='bbox 490 674 709 737; x_wconf 86' lang='lat' dir='ltr'>ments</span> <span class='ocrx_word' id='word_1_16' title='bbox 739 665 937 751; x_wconf 90' lang='lat' dir='ltr'>qu’on</span> <span class='ocrx_word' id='word_1_17' title='bbox 986 672 1214 731; x_wconf 83' lang='lat' dir='ltr'>trouve</span> <span class='ocrx_word' id='word_1_18' title='bbox 1245 665 1361 749; x_wconf 90' lang='lat' dir='ltr'>qui</span> <span class='ocrx_word' id='word_1_19' title='bbox 1382 671 1500 729; x_wconf 89' lang='lat' dir='ltr'>ont</span> <span class='ocrx_word' id='word_1_20' title='bbox 1531 664 1636 729; x_wconf 75' lang='lat' dir='ltr'>ete</span> <span class='ocrx_word' id='word_1_21' title='bbox 1663 664 1822 730; x_wconf 87' lang='lat' dir='ltr'>faits</span> <span class='ocrx_word' id='word_1_22' title='bbox 1841 664 1975 729; x_wconf 74' lang='lat' dir='ltr'>tres</span> <span class='ocrx_word' id='word_1_23' title='bbox 2003 666 2137 730; x_wconf 87' lang='lat' dir='ltr'>mal</span> <span class='ocrx_word' id='word_1_24' title='bbox 2170 663 2214 730; x_wconf 74' lang='lat' dir='ltr'>a</span> <span class='ocrx_word' id='word_1_25' title='bbox 2244 683 2500 748; x_wconf 82' lang='lat' dir='ltr'>propos</span> <span class='ocrx_word' id='word_1_26' title='bbox 2527 664 2697 730; x_wconf 72' lang='lat' dir='ltr'>dam</span> 
     </span>
     <span class='ocr_line' id='line_1_4' title="bbox 491 764 2698 854; baseline -0.002 -19"><span class='ocrx_word' id='word_1_27' title='bbox 491 789 781 854; x_wconf 79' lang='lat' dir='ltr'>presque</span> <span class='ocrx_word' id='word_1_28' title='bbox 822 775 1040 835; x_wconf 88' lang='lat' dir='ltr'>tontes</span> <span class='ocrx_word' id='word_1_29' title='bbox 1069 769 1170 833; x_wconf 92' lang='lat' dir='ltr'>les</span> <span class='ocrx_word' id='word_1_30' title='bbox 1223 767 1522 832; x_wconf 81' lang='lat' dir='ltr'>editions</span> <span class='ocrx_word' id='word_1_31' title='bbox 1566 767 1780 851; x_wconf 88' lang='lat' dir='ltr'>qu&#39;on·</span> <span class='ocrx_word' id='word_1_32' title='bbox 1803 788 1846 832; x_wconf 90' lang='lat' dir='ltr'>a</span> <span class='ocrx_word' id='word_1_33' title='bbox 1880 767 2181 847; x_wconf 78' lang='lat' dir='ltr'>donnees</span> <span class='ocrx_word' id='word_1_34' title='bbox 2223 767 2306 831; x_wconf 89' lang='lat' dir='ltr'>de</span> <span class='ocrx_word' id='word_1_35' title='bbox 2345 764 2698 832; x_wconf 81' lang='lat' dir='ltr'>Claudien.</span> 
     </span>
     <span class='ocr_line' id='line_1_5' title="bbox 493 866 2700 955; baseline -0.001 -20"><span class='ocrx_word' id='word_1_36' title='bbox 493 866 599 935; x_wconf 82' lang='lat' dir='ltr'>La</span> <span class='ocrx_word' id='word_1_37' title='bbox 626 872 951 954; x_wconf 78' lang='lat' dir='ltr'>premiere</span> <span class='ocrx_word' id='word_1_38' title='bbox 979 876 1046 936; x_wconf 89' lang='lat' dir='ltr'>et</span> <span class='ocrx_word' id='word_1_39' title='bbox 1072 872 1140 934; x_wconf 90' lang='lat' dir='ltr'>la</span> <span class='ocrx_word' id='word_1_40' title='bbox 1169 868 1466 934; x_wconf 80' lang='lat' dir='ltr'>seconde</span> <span class='ocrx_word' id='word_1_41' title='bbox 1511 876 1665 934; x_wconf 88' lang='lat' dir='ltr'>sont</span> <span class='ocrx_word' id='word_1_42' title='bbox 1693 870 1793 934; x_wconf 89' lang='lat' dir='ltr'>les</span> <span class='ocrx_word' id='word_1_43' title='bbox 1810 870 1965 955; x_wconf 94' lang='lat' dir='ltr'>plus</span> <span class='ocrx_word' id='word_1_44' title='bbox 1987 876 2279 935; x_wconf 82' lang='lat' dir='ltr'>exactes.</span> <span class='ocrx_word' id='word_1_45' title='bbox 2369 868 2700 933; x_wconf 87' lang='lat' dir='ltr'>Celles-ci</span> 
     </span>
     <span class='ocr_line' id='line_1_6' title="bbox 495 971 2701 1056; baseline -0 -18"><span class='ocrx_word' id='word_1_46' title='bbox 495 972 713 1038; x_wconf 68' lang='lat' dir='ltr'>meme</span> <span class='ocrx_word' id='word_1_47' title='bbox 753 993 839 1037; x_wconf 93' lang='lat' dir='ltr'>ne</span> <span class='ocrx_word' id='word_1_48' title='bbox 885 980 1042 1038; x_wconf 88' lang='lat' dir='ltr'>sont</span> <span class='ocrx_word' id='word_1_49' title='bbox 1082 991 1210 1056; x_wconf 88' lang='lat' dir='ltr'>pas</span> <span class='ocrx_word' id='word_1_50' title='bbox 1259 971 1569 1056; x_wconf 81' lang='lat' dir='ltr'>toujours</span> <span class='ocrx_word' id='word_1_51' title='bbox 1596 972 1753 1037; x_wconf 85' lang='lat' dir='ltr'>bien</span> <span class='ocrx_word' id='word_1_52' title='bbox 1790 972 2158 1038; x_wconf 79' lang='lat' dir='ltr'>conformes</span> <span class='ocrx_word' id='word_1_53' title='bbox 2188 971 2232 1037; x_wconf 75' lang='lat' dir='ltr'>a</span> <span class='ocrx_word' id='word_1_54' title='bbox 2254 979 2442 1038; x_wconf 89' lang='lat' dir='ltr'>notre</span> <span class='ocrx_word' id='word_1_55' title='bbox 2469 991 2701 1040; x_wconf 78' lang='lat' dir='ltr'>manu·</span> 
     </span>
     <span class='ocr_line' id='line_1_7' title="bbox 497 1075 705 1141; baseline 0 0"><span class='ocrx_word' id='word_1_56' title='bbox 497 1075 705 1141; x_wconf 84' lang='lat' dir='ltr'>scrit.&#39;</span> 
     </span>
    </p>
   </div>
   <div class='ocr_carea' id='block_1_3' title="bbox 1263 1280 1939 1350">
    <p class='ocr_par' dir='ltr' id='par_1_3' title="bbox 1263 1280 1939 1350">
     <span class='ocr_line' id='line_1_8' title="bbox 1263 1280 1939 1350; baseline -0.007 0"><span class='ocrx_word' id='word_1_57' title='bbox 1263 1280 1511 1350; x_wconf 77' lang='lat' dir='ltr'>Codices</span> <span class='ocrx_word' id='word_1_58' title='bbox 1549 1281 1939 1348; x_wconf 78' lang='lat' dir='ltr'>Oxonienses.</span> 
     </span>
    </p>
   </div>
   <div class='ocr_carea' id='block_1_4' title="bbox 422 1466 2714 4318">
    <p class='ocr_par' dir='ltr' id='par_1_4' title="bbox 495 1466 2711 2169">
     <span class='ocr_line' id='line_1_9' title="bbox 585 1466 2710 1553; baseline 0.003 -19"><span class='ocrx_word' id='word_1_59' title='bbox 585 1466 668 1534; x_wconf 91' lang='lat' dir='ltr'>In</span> <span class='ocrx_word' id='word_1_60' title='bbox 700 1468 1008 1533; x_wconf 72' lang='lat' dir='ltr'>Biblioth.</span> <span class='ocrx_word' id='word_1_61' title='bbox 1053 1466 1404 1533; x_wconf 80' lang='lat' dir='ltr'>Bodleiana</span> <span class='ocrx_word' id='word_1_62' title='bbox 1453 1471 1533 1533; x_wconf 88' lang='lat' dir='ltr'>F.</span> <span class='ocrx_word' id='word_1_63' title='bbox 1579 1470 1645 1535; x_wconf 82' lang='lat'>2.</span> <span class='ocrx_word' id='word_1_64' title='bbox 1692 1468 1801 1534; x_wconf 88' lang='grc'>16.</span> <span class='ocrx_word' id='word_1_65' title='bbox 1848 1467 2210 1534; x_wconf 82' lang='lat' dir='ltr'>Claudiani</span> <span class='ocrx_word' id='word_1_66' title='bbox 2255 1469 2506 1553; x_wconf 77' lang='lat' dir='ltr'>Opera,</span> <span class='ocrx_word' id='word_1_67' title='bbox 2553 1468 2710 1540; x_wconf 78' lang='lat' dir='ltr'>cod.</span> 
     </span>
     <span class='ocr_line' id='line_1_10' title="bbox 496 1570 2709 1656; baseline -0 -19"><span class='ocrx_word' id='word_1_68' title='bbox 496 1572 855 1638; x_wconf 82' lang='lat' dir='ltr'>membran.</span> <span class='ocrx_word' id='word_1_69' title='bbox 895 1571 1171 1636; x_wconf 89' lang='lat' dir='ltr'>illumin.</span> <span class='ocrx_word' id='word_1_70' title='bbox 1221 1572 1419 1656; x_wconf 85' lang='lat' dir='ltr'>cnjus</span> <span class='ocrx_word' id='word_1_71' title='bbox 1463 1573 1597 1636; x_wconf 88' lang='lat' dir='ltr'>fere</span> <span class='ocrx_word' id='word_1_72' title='bbox 1644 1570 1990 1636; x_wconf 89' lang='lat' dir='ltr'>dimidium</span> <span class='ocrx_word' id='word_1_73' title='bbox 2018 1570 2216 1636; x_wconf 88' lang='lat' dir='ltr'>habet</span> <span class='ocrx_word' id='word_1_74' title='bbox 2244 1577 2440 1637; x_wconf 86' lang='lat' dir='ltr'>notas</span> <span class='ocrx_word' id='word_1_75' title='bbox 2463 1572 2709 1655; x_wconf 77' lang='lat' dir='ltr'>margi·-</span> 
     </span>
     <span class='ocr_line' id='line_1_11' title="bbox 495 1671 2708 1759; baseline -0.001 -19"><span class='ocrx_word' id='word_1_76' title='bbox 495 1673 708 1740; x_wconf 84' lang='lat' dir='ltr'>nales.</span> <span class='ocrx_word' id='word_1_77' title='bbox 778 1672 1090 1738; x_wconf 87' lang='lat' dir='ltr'>Continet</span> <span class='ocrx_word' id='word_1_78' title='bbox 1115 1674 1199 1738; x_wconf 90' lang='lat' dir='ltr'>de</span> <span class='ocrx_word' id='word_1_79' title='bbox 1229 1672 1459 1759; x_wconf 84' lang='lat' dir='ltr'>Raptu</span> <span class='ocrx_word' id='word_1_80' title='bbox 1490 1673 1916 1755; x_wconf 79' lang='lat' dir='ltr'>Proserpinae</span> <span class='ocrx_word' id='word_1_81' title='bbox 1941 1679 2077 1736; x_wconf 88' lang='lat' dir='ltr'>tres</span> <span class='ocrx_word' id='word_1_82' title='bbox 2109 1671 2349 1737; x_wconf 89' lang='lat' dir='ltr'>Libros</span> <span class='ocrx_word' id='word_1_83' title='bbox 2378 1694 2396 1738; x_wconf 76' lang='lat' dir='ltr'>t</span> <span class='ocrx_word' id='word_1_84' title='bbox 2446 1672 2531 1737; x_wconf 87' lang='lat' dir='ltr'>In</span> <span class='ocrx_word' id='word_1_85' title='bbox 2559 1673 2708 1739; x_wconf 82' lang='lat' dir='ltr'>Ru-</span> 
     </span>
     <span class='ocr_line' id='line_1_12' title="bbox 500 1775 2711 1861; baseline -0.001 -17"><span class='ocrx_word' id='word_1_86' title='bbox 500 1775 705 1844; x_wconf 77' lang='lat' dir='ltr'>finum</span> <span class='ocrx_word' id='word_1_87' title='bbox 732 1776 972 1841; x_wconf 89' lang='lat' dir='ltr'>Libros</span> <span class='ocrx_word' id='word_1_88' title='bbox 1009 1777 1224 1842; x_wconf 89' lang='lat' dir='ltr'>duos:</span> <span class='ocrx_word' id='word_1_89' title='bbox 1294 1776 1376 1841; x_wconf 90' lang='lat' dir='ltr'>In</span> <span class='ocrx_word' id='word_1_90' title='bbox 1404 1776 1801 1861; x_wconf 88' lang='lat' dir='ltr'>Eutropium</span> <span class='ocrx_word' id='word_1_91' title='bbox 1842 1776 2084 1841; x_wconf 89' lang='lat' dir='ltr'>Libros</span> <span class='ocrx_word' id='word_1_92' title='bbox 2110 1775 2316 1840; x_wconf 83' lang='lat' dir='ltr'>duos:</span> <span class='ocrx_word' id='word_1_93' title='bbox 2365 1776 2473 1841; x_wconf 89' lang='lat' dir='ltr'>De</span> <span class='ocrx_word' id='word_1_94' title='bbox 2517 1776 2711 1842; x_wconf 83' lang='lat' dir='ltr'>Bello</span> 
     </span>
     <span class='ocr_line' id='line_1_13' title="bbox 499 1876 2707 1964; baseline 0.001 -23"><span class='ocrx_word' id='word_1_95' title='bbox 499 1876 858 1944; x_wconf 86' lang='lat' dir='ltr'>Gildonico</span> <span class='ocrx_word' id='word_1_96' title='bbox 892 1880 1136 1945; x_wconf 90' lang='lat' dir='ltr'>Libros</span> <span class='ocrx_word' id='word_1_97' title='bbox 1183 1885 1482 1964; x_wconf 83' lang='lat' dir='ltr'>septem:</span> <span class='ocrx_word' id='word_1_98' title='bbox 1551 1879 1658 1945; x_wconf 89' lang='lat' dir='ltr'>De</span> <span class='ocrx_word' id='word_1_99' title='bbox 1709 1879 2065 1944; x_wconf 80' lang='lat' dir='ltr'>consulatu</span> <span class='ocrx_word' id='word_1_100' title='bbox 2114 1878 2407 1950; x_wconf 89' lang='lat' dir='ltr'>Honorii</span> <span class='ocrx_word' id='word_1_101' title='bbox 2462 1879 2707 1944; x_wconf 83' lang='lat' dir='ltr'>Libros</span> 
     </span>
     <span class='ocr_line' id='line_1_14' title="bbox 500 1980 2710 2066; baseline -0.001 -18"><span class='ocrx_word' id='word_1_102' title='bbox 500 1988 677 2048; x_wconf 86' lang='lat' dir='ltr'>tres:</span> <span class='ocrx_word' id='word_1_103' title='bbox 762 1986 869 2050; x_wconf 89' lang='lat' dir='ltr'>De</span> <span class='ocrx_word' id='word_1_104' title='bbox 928 1985 1277 2050; x_wconf 83' lang='lat' dir='ltr'>Laudibus</span> <span class='ocrx_word' id='word_1_105' title='bbox 1325 1982 1750 2048; x_wconf 84' lang='lat' dir='ltr'>Stilichonis:</span> <span class='ocrx_word' id='word_1_106' title='bbox 1823 1981 2238 2046; x_wconf 89' lang='lat' dir='ltr'>Fescennina</span> <span class='ocrx_word' id='word_1_107' title='bbox 2287 1982 2361 2045; x_wconf 91' lang='lat' dir='ltr'>in</span> <span class='ocrx_word' id='word_1_108' title='bbox 2413 1980 2710 2066; x_wconf 88' lang='lat' dir='ltr'>Nuptias</span> 
     </span>
     <span class='ocr_line' id='line_1_15' title="bbox 503 2082 2076 2169; baseline -0.001 -20"><span class='ocrx_word' id='word_1_109' title='bbox 503 2082 792 2152; x_wconf 89' lang='lat' dir='ltr'>Honorii</span> <span class='ocrx_word' id='word_1_110' title='bbox 818 2093 883 2152; x_wconf 93' lang='lat' dir='ltr'>et</span> <span class='ocrx_word' id='word_1_111' title='bbox 915 2087 1179 2153; x_wconf 78' lang='lat' dir='ltr'>Mariae.</span> <span class='ocrx_word' id='word_1_112' title='bbox 1272 2086 1756 2153; x_wconf 77' lang='lat' dir='ltr'>Desiderantur</span> <span class='ocrx_word' id='word_1_113' title='bbox 1776 2086 2076 2169; x_wconf 86' lang='lat' dir='ltr'>plurima.</span> 
     </span>
    </p>

    <p class='ocr_par' dir='ltr' id='par_1_5' title="bbox 587 2186 2233 2273">
     <span class='ocr_line' id='line_1_16' title="bbox 587 2186 2233 2273; baseline 0.001 -23"><span class='ocrx_word' id='word_1_114' title='bbox 587 2186 998 2255; x_wconf 83' lang='lat' dir='ltr'>Claudianus</span> <span class='ocrx_word' id='word_1_115' title='bbox 1020 2191 1101 2256; x_wconf 93' lang='lat' dir='ltr'>de</span> <span class='ocrx_word' id='word_1_116' title='bbox 1131 2191 1363 2273; x_wconf 89' lang='lat' dir='ltr'>Raptu</span> <span class='ocrx_word' id='word_1_117' title='bbox 1391 2190 1842 2273; x_wconf 80' lang='lat' dir='ltr'>Proserpinae,</span> <span class='ocrx_word' id='word_1_118' title='bbox 1872 2188 2233 2252; x_wconf 81' lang='lat' dir='ltr'>membran.</span> 
     </span>
    </p>

    <p class='ocr_par' dir='ltr' id='par_1_6' title="bbox 422 2287 2711 2582">
     <span class='ocr_line' id='line_1_17' title="bbox 587 2287 2711 2374; baseline -0 -21"><span class='ocrx_word' id='word_1_119' title='bbox 587 2288 995 2355; x_wconf 82' lang='lat' dir='ltr'>Claudianus</span> <span class='ocrx_word' id='word_1_120' title='bbox 1057 2292 1138 2355; x_wconf 91' lang='lat' dir='ltr'>de</span> <span class='ocrx_word' id='word_1_121' title='bbox 1198 2292 1433 2374; x_wconf 85' lang='lat' dir='ltr'>Raptu</span> <span class='ocrx_word' id='word_1_122' title='bbox 1487 2290 1930 2374; x_wconf 79' lang='lat' dir='ltr'>Proserpinae,</span> <span class='ocrx_word' id='word_1_123' title='bbox 1988 2309 2140 2354; x_wconf 81' lang='lat' dir='ltr'>cum</span> <span class='ocrx_word' id='word_1_124' title='bbox 2198 2287 2399 2354; x_wconf 82' lang='lat' dir='ltr'>aliis.-</span> <span class='ocrx_word' id='word_1_125' title='bbox 2458 2287 2711 2373; x_wconf 81' lang='lat' dir='ltr'>Incipit</span> 
     </span>
     <span class='ocr_line' id='line_1_18' title="bbox 502 2388 2708 2523; baseline -0 -68"><span class='ocrx_word' id='word_1_126' title='bbox 502 2388 921 2455; x_wconf 83' lang='lat' dir='ltr'>Claudianus</span> <span class='ocrx_word' id='word_1_127' title='bbox 957 2395 1023 2456; x_wconf 84' lang='lat' dir='ltr'>in</span> <span class='ocrx_word' id='word_1_128' title='bbox 1065 2393 1180 2459; x_wconf 88' lang='lat' dir='ltr'>fol.</span> <span class='ocrx_word' id='word_1_129' title='bbox 1230 2394 1340 2459; x_wconf 75' lang='lat'>58.</span> <span class='ocrx_word' id='word_1_130' title='bbox 1430 2394 1571 2458; x_wconf 90' lang='lat' dir='ltr'>Sub</span> <span class='ocrx_word' id='word_1_131' title='bbox 1620 2393 1862 2457; x_wconf 83' lang='lat' dir='ltr'>finem:</span> <span class='ocrx_word' id='word_1_132' title='bbox 1927 2391 2230 2477; x_wconf 87' lang='lat' dir='ltr'>Explicit</span> <span class='ocrx_word' id='word_1_133' title='bbox 2271 2389 2708 2523; x_wconf 75' lang='lat' dir='ltr'>ClaudianuS,</span> 
     </span>
     <span class='ocr_line' id='line_1_19' title="bbox 422 2492 1412 2582; baseline 0.004 -25"><span class='ocrx_word' id='word_1_134' title='bbox 422 2578 430 2582; x_wconf 15' lang='grc' dir='ltr'>ἡ</span> <span class='ocrx_word' id='word_1_135' title='bbox 505 2492 701 2577; x_wconf 91' lang='lat' dir='ltr'>cujus</span> <span class='ocrx_word' id='word_1_136' title='bbox 732 2514 908 2577; x_wconf 89' lang='lat' dir='ltr'>opus</span> <span class='ocrx_word' id='word_1_137' title='bbox 936 2501 1036 2560; x_wconf 92' lang='lat' dir='ltr'>est</span> <span class='ocrx_word' id='word_1_138' title='bbox 1061 2496 1412 2561; x_wconf 90' lang='lat' dir='ltr'>laudabile</span> 
     </span>
    </p>

    <p class='ocr_par' dir='ltr' id='par_1_7' title="bbox 592 2591 2708 2679">
     <span class='ocr_line' id='line_1_20' title="bbox 592 2591 2708 2679; baseline 0 -20"><span class='ocrx_word' id='word_1_139' title='bbox 592 2594 750 2660; x_wconf 89' lang='lat' dir='ltr'>Hos</span> <span class='ocrx_word' id='word_1_140' title='bbox 775 2602 1079 2661; x_wconf 86' lang='lat' dir='ltr'>notamus</span> <span class='ocrx_word' id='word_1_141' title='bbox 1111 2597 1545 2675; x_wconf 82' lang='lat' dir='ltr'>BodleianoS,</span> <span class='ocrx_word' id='word_1_142' title='bbox 1571 2604 1653 2662; x_wconf 89' lang='lat' dir='ltr'>ut</span> <span class='ocrx_word' id='word_1_143' title='bbox 1683 2596 1983 2662; x_wconf 88' lang='lat' dir='ltr'>ordinem</span> <span class='ocrx_word' id='word_1_144' title='bbox 2017 2615 2214 2679; x_wconf 89' lang='lat' dir='ltr'>quem</span> <span class='ocrx_word' id='word_1_145' title='bbox 2241 2596 2313 2662; x_wconf 90' lang='lat' dir='ltr'>in</span> <span class='ocrx_word' id='word_1_146' title='bbox 2338 2591 2708 2661; x_wconf 85' lang='lat' dir='ltr'>Codicibus</span> 
     </span>
    </p>

    <p class='ocr_par' dir='ltr' id='par_1_8' title="bbox 503 2694 2714 3702">
     <span class='ocr_line' id='line_1_21' title="bbox 506 2694 2712 2782; baseline -0.001 -19"><span class='ocrx_word' id='word_1_147' title='bbox 506 2694 1011 2763; x_wconf 79' lang='lat' dir='ltr'>oxoniensibus</span> <span class='ocrx_word' id='word_1_148' title='bbox 1055 2700 1272 2764; x_wconf 88' lang='lat' dir='ltr'>adhuc</span> <span class='ocrx_word' id='word_1_149' title='bbox 1304 2701 1525 2765; x_wconf 90' lang='lat' dir='ltr'>secuti</span> <span class='ocrx_word' id='word_1_150' title='bbox 1556 2719 1787 2765; x_wconf 91' lang='lat' dir='ltr'>sumus</span> <span class='ocrx_word' id='word_1_151' title='bbox 1814 2700 1924 2764; x_wconf 90' lang='lat' dir='ltr'>hic</span> <span class='ocrx_word' id='word_1_152' title='bbox 1952 2700 2169 2764; x_wconf 81' lang='lat' dir='ltr'>etiam</span> <span class='ocrx_word' id='word_1_153' title='bbox 2192 2717 2556 2782; x_wconf 81' lang='lat' dir='ltr'>sequamur</span> <span class='ocrx_word' id='word_1_154' title='bbox 2581 2716 2602 2779; x_wconf 83' lang='lat'><em>3</em></span> <span class='ocrx_word' id='word_1_155' title='bbox 2647 2701 2712 2762; x_wconf 90' lang='lat' dir='ltr'>et</span> 
     </span>
     <span class='ocr_line' id='line_1_22' title="bbox 503 2799 2712 2886; baseline 0.001 -23"><span class='ocrx_word' id='word_1_156' title='bbox 503 2799 608 2863; x_wconf 84' lang='lat' dir='ltr'>nil&#39;</span> <span class='ocrx_word' id='word_1_157' title='bbox 618 2801 1037 2875; x_wconf 88' lang='lat' dir='ltr'>obstantibus</span> <span class='ocrx_word' id='word_1_158' title='bbox 1065 2803 1151 2866; x_wconf 91' lang='lat' dir='ltr'>iis</span> <span class='ocrx_word' id='word_1_159' title='bbox 1178 2823 1330 2886; x_wconf 85' lang='lat' dir='ltr'>quae</span> <span class='ocrx_word' id='word_1_160' title='bbox 1365 2803 1690 2867; x_wconf 87' lang='lat' dir='ltr'>Heinsius</span> <span class='ocrx_word' id='word_1_161' title='bbox 1734 2802 1819 2866; x_wconf 95' lang='lat' dir='ltr'>de</span> <span class='ocrx_word' id='word_1_162' title='bbox 1865 2801 2129 2867; x_wconf 89' lang='lat' dir='ltr'>duobus</span> <span class='ocrx_word' id='word_1_163' title='bbox 2176 2799 2540 2868; x_wconf 87' lang='lat' dir='ltr'>Claudiani</span> <span class='ocrx_word' id='word_1_164' title='bbox 2581 2799 2712 2865; x_wconf 87' lang='lat' dir='ltr'>Co·</span> 
     </span>
     <span class='ocr_line' id='line_1_23' title="bbox 505 2901 1889 2988; baseline -0.001 -22"><span class='ocrx_word' id='word_1_165' title='bbox 505 2901 770 2967; x_wconf 88' lang='lat' dir='ltr'>dicibus</span> <span class='ocrx_word' id='word_1_166' title='bbox 800 2903 1192 2968; x_wconf 91' lang='lat' dir='ltr'>Bodleianis</span> <span class='ocrx_word' id='word_1_167' title='bbox 1203 2905 1350 2988; x_wconf 89' lang='lat' dir='ltr'>jam</span> <span class='ocrx_word' id='word_1_168' title='bbox 1381 2904 1889 2988; x_wconf 76' lang='lat' dir='ltr'>praedicaverat.</span> 
     </span>
     <span class='ocr_line' id='line_1_24' title="bbox 522 3002 2711 3090; baseline 0 -22"><span class='ocrx_word' id='word_1_169' title='bbox 522 3026 527 3029; x_wconf 74' lang='lat'>,</span> <span class='ocrx_word' id='word_1_170' title='bbox 594 3002 926 3069; x_wconf 91' lang='lat' dir='ltr'>Nicolaus</span> <span class='ocrx_word' id='word_1_171' title='bbox 961 3006 1283 3073; x_wconf 91' lang='lat' dir='ltr'>Heinsius</span> <span class='ocrx_word' id='word_1_172' title='bbox 1309 3008 1440 3072; x_wconf 88' lang='lat' dir='ltr'>ait:</span> <span class='ocrx_word' id='word_1_173' title='bbox 1487 3012 1507 3040; x_wconf 93' lang='lat'>‘</span> <span class='ocrx_word' id='word_1_174' title='bbox 1529 3007 1889 3072; x_wconf 83' lang='lat' dir='ltr'>Proximas</span> <span class='ocrx_word' id='word_1_175' title='bbox 1911 3012 2140 3090; x_wconf 87' lang='lat' dir='ltr'>partes</span> <span class='ocrx_word' id='word_1_176' title='bbox 2159 3007 2253 3089; x_wconf 92' lang='lat' dir='ltr'>[n.</span> <span class='ocrx_word' id='word_1_177' title='bbox 2274 3004 2509 3070; x_wconf 85' lang='lat' dir='ltr'>Isaaci</span> <span class='ocrx_word' id='word_1_178' title='bbox 2535 3002 2711 3085; x_wconf 54' lang='lat' dir='ltr'>Vose</span> 
     </span>
     <span class='ocr_line' id='line_1_25' title="bbox 509 3104 2714 3192; baseline 0 -22"><span class='ocrx_word' id='word_1_179' title='bbox 509 3105 598 3187; x_wconf 79' lang='lat' dir='ltr'>sii</span> <span class='ocrx_word' id='word_1_180' title='bbox 655 3104 896 3173; x_wconf 88' lang='lat' dir='ltr'>Codici</span> <span class='ocrx_word' id='word_1_181' title='bbox 949 3128 1142 3191; x_wconf 90' lang='lat' dir='ltr'>quem</span> <span class='ocrx_word' id='word_1_182' title='bbox 1193 3114 1342 3173; x_wconf 88' lang='lat' dir='ltr'>ante</span> <span class='ocrx_word' id='word_1_183' title='bbox 1388 3106 1854 3192; x_wconf 85' lang='lat' dir='ltr'>descripserat]</span> <span class='ocrx_word' id='word_1_184' title='bbox 1913 3107 2112 3172; x_wconf 88' lang='lat' dir='ltr'>facile</span> <span class='ocrx_word' id='word_1_185' title='bbox 2161 3107 2293 3170; x_wconf 90' lang='lat' dir='ltr'>sibi</span> <span class='ocrx_word' id='word_1_186' title='bbox 2348 3106 2714 3171; x_wconf 86' lang='lat' dir='ltr'>vindicabit</span> 
     </span>
     <span class='ocr_line' id='line_1_26' title="bbox 509 3206 2714 3291; baseline 0.002 -21"><span class='ocrx_word' id='word_1_187' title='bbox 509 3206 921 3271; x_wconf 83' lang='lat' dir='ltr'>Bodleianus</span> <span class='ocrx_word' id='word_1_188' title='bbox 953 3208 1242 3274; x_wconf 81' lang='lat' dir='ltr'>Oxoniae</span> <span class='ocrx_word' id='word_1_189' title='bbox 1271 3210 1338 3272; x_wconf 92' lang='lat' dir='ltr'>in</span> <span class='ocrx_word' id='word_1_190' title='bbox 1367 3209 1714 3274; x_wconf 87' lang='lat' dir='ltr'>Britannia</span> <span class='ocrx_word' id='word_1_191' title='bbox 1764 3208 2022 3286; x_wconf 83' lang='lat' dir='ltr'>Codex,</span> <span class='ocrx_word' id='word_1_192' title='bbox 2061 3206 2537 3291; x_wconf 65' lang='lat' dir='ltr'>quizannorum</span> <span class='ocrx_word' id='word_1_193' title='bbox 2561 3213 2714 3274; x_wconf 81' lang='lat' dir='ltr'>aeta-</span> 
     </span>
     <span class='ocr_line' id='line_1_27' title="bbox 507 3307 2713 3393; baseline 0 -21"><span class='ocrx_word' id='word_1_194' title='bbox 507 3311 654 3372; x_wconf 77' lang='lat' dir='ltr'>tem·</span> <span class='ocrx_word' id='word_1_195' title='bbox 670 3309 1170 3391; x_wconf 85' lang='lat' dir='ltr'>quingentorum</span> <span class='ocrx_word' id='word_1_196' title='bbox 1221 3330 1362 3393; x_wconf 82' lang='lat' dir='ltr'>prae</span> <span class='ocrx_word' id='word_1_197' title='bbox 1402 3330 1478 3374; x_wconf 94' lang='lat' dir='ltr'>se</span> <span class='ocrx_word' id='word_1_198' title='bbox 1516 3312 1686 3375; x_wconf 88' lang='lat' dir='ltr'>ferre</span> <span class='ocrx_word' id='word_1_199' title='bbox 1730 3311 1927 3375; x_wconf 87' lang='lat' dir='ltr'>nobis</span> <span class='ocrx_word' id='word_1_200' title='bbox 1978 3316 2079 3375; x_wconf 86' lang='lat' dir='ltr'>est</span> <span class='ocrx_word' id='word_1_201' title='bbox 2129 3307 2398 3375; x_wconf 52' lang='lat' dir='ltr'>visus.’2</span> <span class='ocrx_word' id='word_1_202' title='bbox 2450 3309 2713 3375; x_wconf 86' lang='lat' dir='ltr'>Prodiit</span> 
     </span>
     <span class='ocr_line' id='line_1_28' title="bbox 510 3407 2714 3498; baseline 0.001 -24"><span class='ocrx_word' id='word_1_203' title='bbox 510 3407 925 3476; x_wconf 79' lang='lat' dir='ltr'>Claudianus</span> <span class='ocrx_word' id='word_1_204' title='bbox 958 3413 1044 3476; x_wconf 88' lang='lat' dir='ltr'>ab</span> <span class='ocrx_word' id='word_1_205' title='bbox 1072 3412 1360 3478; x_wconf 85' lang='lat' dir='ltr'>Heinsio</span> <span class='ocrx_word' id='word_1_206' title='bbox 1388 3414 1601 3479; x_wconf 89' lang='lat' dir='ltr'>editus</span> <span class='ocrx_word' id='word_1_207' title='bbox 1647 3415 1940 3498; x_wconf 86' lang='lat' dir='ltr'>primum</span> <span class='ocrx_word' id='word_1_208' title='bbox 1969 3432 2032 3477; x_wconf 91' lang='lat' dir='ltr'>a.</span> <span class='ocrx_word' id='word_1_209' title='bbox 2068 3412 2269 3476; x_wconf 84' lang='grc'><strong>1641.</strong></span> <span class='ocrx_word' id='word_1_210' title='bbox 2358 3411 2510 3476; x_wconf 87' lang='lat' dir='ltr'>Stet</span> <span class='ocrx_word' id='word_1_211' title='bbox 2523 3412 2714 3494; x_wconf 73' lang='lat' dir='ltr'>igitur</span> 
     </span>
     <span class='ocr_line' id='line_1_29' title="bbox 510 3510 2710 3601; baseline 0 -24"><span class='ocrx_word' id='word_1_212' title='bbox 510 3512 742 3595; x_wconf 85' lang='lat' dir='ltr'>opinio</span> <span class='ocrx_word' id='word_1_213' title='bbox 767 3514 896 3578; x_wconf 81' lang='lat' dir='ltr'>viri</span> <span class='ocrx_word' id='word_1_214' title='bbox 925 3515 1108 3579; x_wconf 91' lang='lat' dir='ltr'>docti</span> <span class='ocrx_word' id='word_1_215' title='bbox 1139 3516 1253 3599; x_wconf 88' lang='lat' dir='ltr'>qui</span> <span class='ocrx_word' id='word_1_216' title='bbox 1292 3535 1389 3579; x_wconf 87' lang='lat' dir='ltr'>ex</span> <span class='ocrx_word' id='word_1_217' title='bbox 1414 3515 1659 3594; x_wconf 90' lang='lat' dir='ltr'>officio,</span> <span class='ocrx_word' id='word_1_218' title='bbox 1694 3516 1980 3600; x_wconf 91' lang='lat' dir='ltr'>ideoque</span> <span class='ocrx_word' id='word_1_219' title='bbox 2008 3510 2450 3601; x_wconf 81' lang='lat' dir='ltr'>proculdubio</span> <span class='ocrx_word' id='word_1_220' title='bbox 2500 3513 2710 3597; x_wconf 79' lang='lat' dir='ltr'>magis</span> 
     </span>
     <span class='ocr_line' id='line_1_30' title="bbox 515 3616 1750 3702; baseline 0.003 -22"><span class='ocrx_word' id='word_1_221' title='bbox 515 3622 766 3693; x_wconf 71' lang='lat' dir='ltr'>severe,</span> <span class='ocrx_word' id='word_1_222' title='bbox 797 3616 966 3681; x_wconf 91' lang='lat' dir='ltr'>hunc</span> <span class='ocrx_word' id='word_1_223' title='bbox 1000 3616 1301 3682; x_wconf 90' lang='lat' dir='ltr'>codicem</span> <span class='ocrx_word' id='word_1_224' title='bbox 1334 3620 1750 3702; x_wconf 71' lang='lat' dir='ltr'>inspexerat.</span> 
     </span>
    </p>

    <p class='ocr_par' dir='ltr' id='par_1_9' title="bbox 510 3715 2714 4318">
     <span class='ocr_line' id='line_1_31' title="bbox 596 3715 2711 3804; baseline 0.001 -22"><span class='ocrx_word' id='word_1_225' title='bbox 596 3715 788 3782; x_wconf 91' lang='lat' dir='ltr'>Idem</span> <span class='ocrx_word' id='word_1_226' title='bbox 817 3720 918 3783; x_wconf 87' lang='lat' dir='ltr'>vir</span> <span class='ocrx_word' id='word_1_227' title='bbox 939 3718 1184 3783; x_wconf 83' lang='lat' dir='ltr'>doctus</span> <span class='ocrx_word' id='word_1_228' title='bbox 1212 3720 1556 3804; x_wconf 82' lang='lat' dir='ltr'>abjudicat</span> <span class='ocrx_word' id='word_1_229' title='bbox 1584 3743 1627 3786; x_wconf 93' lang='lat' dir='ltr'>a</span> <span class='ocrx_word' id='word_1_230' title='bbox 1657 3721 2032 3787; x_wconf 84' lang='lat' dir='ltr'>Claudiano</span> <span class='ocrx_word' id='word_1_231' title='bbox 2061 3719 2348 3801; x_wconf 82' lang='lat' dir='ltr'>elegiam</span> <span class='ocrx_word' id='word_1_232' title='bbox 2375 3719 2482 3782; x_wconf 93' lang='lat' dir='ltr'>de</span> <span class='ocrx_word' id='word_1_233' title='bbox 2514 3719 2711 3784; x_wconf 67' lang='lat' dir='ltr'>th-</span> 
     </span>
     <span class='ocr_line' id='line_1_32' title="bbox 510 3816 2713 3906; baseline 0.003 -26"><span class='ocrx_word' id='word_1_234' title='bbox 510 3816 661 3881; x_wconf 85' lang='lat' dir='ltr'>nice</span> <span class='ocrx_word' id='word_1_235' title='bbox 687 3817 791 3903; x_wconf 93' lang='lat' dir='ltr'>(in</span> <span class='ocrx_word' id='word_1_236' title='bbox 814 3819 938 3883; x_wconf 91' lang='lat' dir='ltr'>fine</span> <span class='ocrx_word' id='word_1_237' title='bbox 970 3819 1325 3886; x_wconf 89' lang='lat' dir='ltr'>Claudiani</span> <span class='ocrx_word' id='word_1_238' title='bbox 1349 3842 1623 3906; x_wconf 89' lang='lat' dir='ltr'>operum</span> <span class='ocrx_word' id='word_1_239' title='bbox 1652 3844 1695 3887; x_wconf 91' lang='lat' dir='ltr'>a</span> <span class='ocrx_word' id='word_1_240' title='bbox 1721 3824 1920 3888; x_wconf 87' lang='lat' dir='ltr'>nobis</span> <span class='ocrx_word' id='word_1_241' title='bbox 1949 3823 2396 3906; x_wconf 81' lang='lat' dir='ltr'>impressam),</span> <span class='ocrx_word' id='word_1_242' title='bbox 2428 3820 2713 3886; x_wconf 72' lang='lat' dir='ltr'>Lactm-</span> 
     </span>
     <span class='ocr_line' id='line_1_33' title="bbox 511 3918 2710 4009; baseline 0 -24"><span class='ocrx_word' id='word_1_243' title='bbox 511 3918 743 3999; x_wconf 81' lang='lat' dir='ltr'>tioque</span> <span class='ocrx_word' id='word_1_244' title='bbox 773 3921 995 3985; x_wconf 86' lang='lat' dir='ltr'>mallet</span> <span class='ocrx_word' id='word_1_245' title='bbox 1018 3923 1377 4005; x_wconf 81' lang='lat' dir='ltr'>assignare,</span> <span class='ocrx_word' id='word_1_246' title='bbox 1425 3927 1679 4009; x_wconf 85' lang='lat' dir='ltr'>quippe</span> <span class='ocrx_word' id='word_1_247' title='bbox 1723 3925 1925 4009; x_wconf 90' lang='lat' dir='ltr'>quod,</span> <span class='ocrx_word' id='word_1_248' title='bbox 1952 3925 2118 3988; x_wconf 78' lang='lat' dir='ltr'>inter</span> <span class='ocrx_word' id='word_1_249' title='bbox 2147 3923 2316 3987; x_wconf 77' lang='lat' dir='ltr'>alias</span> <span class='ocrx_word' id='word_1_250' title='bbox 2344 3941 2620 4001; x_wconf 74' lang='lat' dir='ltr'>causae,</span> <span class='ocrx_word' id='word_1_251' title='bbox 2648 3922 2710 3986; x_wconf 86' lang='lat' dir='ltr'>in</span> 
     </span>
     <span class='ocr_line' id='line_1_34' title="bbox 512 4019 2714 4112; baseline 0.001 -30"><span class='ocrx_word' id='word_1_252' title='bbox 512 4019 911 4102; x_wconf 73' lang='lat' dir='ltr'>quibusdam</span> <span class='ocrx_word' id='word_1_253' title='bbox 943 4024 1291 4088; x_wconf 82' lang='lat' dir='ltr'>codicibus</span> <span class='ocrx_word' id='word_1_254' title='bbox 1311 4027 1879 4110; x_wconf 48' lang='lat' dir='ltr'>antiquisffnomen</span> <span class='ocrx_word' id='word_1_255' title='bbox 1898 4027 2043 4112; x_wconf 88' lang='lat' dir='ltr'>ejus</span> <span class='ocrx_word' id='word_1_256' title='bbox 2072 4025 2146 4088; x_wconf 87' lang='lat' dir='ltr'>in</span> <span class='ocrx_word' id='word_1_257' title='bbox 2173 4024 2364 4089; x_wconf 89' lang='lat' dir='ltr'>titulo</span> <span class='ocrx_word' id='word_1_258' title='bbox 2386 4022 2714 4106; x_wconf 61' lang='lat' dir='ltr'>proeferah</span> 
     </span>
     <span class='ocr_line' id='line_1_35' title="bbox 511 4116 2707 4208; baseline 0 -19"><span class='ocrx_word' id='word_1_259' title='bbox 511 4116 920 4203; x_wconf 60' lang='lat' dir='ltr'>Argumenta</span> <span class='ocrx_word' id='word_1_260' title='bbox 948 4124 1242 4205; x_wconf 88' lang='lat' dir='ltr'>Heinsii,</span> <span class='ocrx_word' id='word_1_261' title='bbox 1271 4129 1496 4193; x_wconf 78' lang='lat' dir='ltr'>utalia</span> <span class='ocrx_word' id='word_1_262' title='bbox 1525 4135 1891 4208; x_wconf 64' lang='lat' dir='ltr'>taceamus,</span> <span class='ocrx_word' id='word_1_263' title='bbox 1917 4128 2039 4194; x_wconf 77' lang='lat' dir='ltr'>vix</span> <span class='ocrx_word' id='word_1_264' title='bbox 2069 4129 2242 4193; x_wconf 70' lang='lat' dir='ltr'>satis·</span> <span class='ocrx_word' id='word_1_265' title='bbox 2264 4125 2500 4192; x_wconf 81' lang='lat' dir='ltr'>valida</span> <span class='ocrx_word' id='word_1_266' title='bbox 2521 4123 2707 4190; x_wconf 74' lang='lat' dir='ltr'>nohis</span> 
     </span>
     <span class='ocr_line' id='line_1_36' title="bbox 510 4219 2703 4318; baseline 0.002 -29"><span class='ocrx_word' id='word_1_267' title='bbox 510 4219 835 4291; x_wconf 80' lang='lat' dir='ltr'>videntur.</span> <span class='ocrx_word' id='word_1_268' title='bbox 926 4222 1010 4291; x_wconf 92' lang='lat' dir='ltr'>In</span> <span class='ocrx_word' id='word_1_269' title='bbox 1038 4227 1353 4312; x_wconf 83' lang='lat' dir='ltr'>antiquis,</span> <span class='ocrx_word' id='word_1_270' title='bbox 1383 4229 1591 4297; x_wconf 81' lang='lat' dir='ltr'>immo</span> <span class='ocrx_word' id='word_1_271' title='bbox 1619 4231 2122 4318; x_wconf 78' lang='lat' dir='ltr'>antiquissimis,</span> <span class='ocrx_word' id='word_1_272' title='bbox 2154 4228 2532 4309; x_wconf 77' lang='lat' dir='ltr'>codicibus,</span> <span class='ocrx_word' id='word_1_273' title='bbox 2572 4233 2703 4293; x_wconf 80' lang='lat' dir='ltr'>tam</span> 
     </span>
    </p>
   </div>
   <div class='ocr_carea' id='block_1_5' title="bbox 2940 1406 2968 4895">
    <p class='ocr_par' dir='ltr' id='par_1_10' title="bbox 2940 1406 2968 4895">
     <span class='ocr_line' id='line_1_37' title="bbox 2940 1406 2968 4895; baseline 0 0"><span class='ocrx_word' id='word_1_274' title='bbox 2940 1406 2968 4895; x_wconf 95' lang='lat' dir='ltr'> </span> 
     </span>
    </p>
   </div>
  </div>
 </body>
</html>
