2992 4925
483 464 662 536 1478

549 627 613 676 41
648 623 816 688 Soror]
837 622 1163 673 Miserrimus
1197 619 1372 685 Spado
1396 619 1555 669 talem

484 702 721 754 habebat
742 714 933 750 secum.
990 698 1167 748 Barth.

839 478 1055 530 No'rAE
1105 475 1511 526 VARtomJM
1558 474 1638 523 IN
1667 471 1801 522 131..
1849 469 2129 520 GLAUD.
2175 460 2347 516 XIX·

1694 619 1759 666 ⁵2
1787 615 1940 679 Cypri
1961 613 2142 677 nitore]
2157 609 2315 661 Ideo
2302 624 2355 659 m
2368 606 2700 671 longinquam

1631 693 1861 759 Cyprum
1918 690 2196 754 sepositum
2259 684 2584 744 Eunuchum,
2637 686 2701 731 ut

560 777 861 840 Quidsoror]
906 776 1169 825 Martialis
1193 772 1557 839 quaerenticur
1630 772 1774 819 nullo
1827 767 2042 832 negotio
2080 762 2302 815 interfici
2338 767 2532 826 posset,
2569 758 2704 809 exis·

490 855 770 906 Themison
791 868 1001 902 uxorem
1025 867 1125 901 non
1144 851 1369 901 babeat?
1396 849 1558 899 habet

492 945 739 988 sororem,
775 928 957 993 inquit.
993 929 1180 978 clover.

1633 846 1774 897 timo.

1697 926 1851 974 Parta
1872 923 2024 988 quies]
2068 922 2229 971 Velut
2268 918 2499 968 emerito.
2556 914 2699 969 Scite

557 1011 624 1056 44
655 1006 830 1055 Amore
870 1004 1038 1067 negat]
1091 1004 1243 1066 Fugit
1286 1005 1422 1053 alter
1441 1004 1559 1053 Mo·
1633 1001 1805 1051 illudit
1826 1001 2018 1051 homini
2041 995 2373 1049 semihomini.
2416 993 2594 1043 Barth.

494 1083 626 1145 reti3
675 1083 871 1130 dictum
919 1095 1113 1144 supra:
1149 1088 1206 1129 et
1248 1081 1402 1145 paulo
1439 1087 1560 1130 ante

492 1159 759 1207 mist-unda
806 1158 997 1206 Mureti
1037 1156 1214 1220 prior:
1263 1161 1448 1217 acute3
1502 1163 1564 1206 ut

495 1236 631 1285 libro
655 1236 821 1298 primo
846 1234 1147 1286 monuimus.
1200 1235 1268 1283 D.
1296 1234 1464 1284 Heius.

560 1317 622 1361 45
661 1311 881 1360 Eunuchi
905 1311 1127 1371 jugulum
1174 1310 1378 1374 primus]
1429 1309 1562 1363 Quis

496 1388 588 1437 ille
631 1389 909 1437 Eunuchus
949 1386 1109 1435 fuerit
1164 1386 1310 1436 nobis
1355 1386 1562 1451 quidem

488 1466 645 1529 juxta
668 1480 785 1514 eum
811 1465 920 1512 aliis
957 1463 1203 1527 liquidum
1228 1471 1327 1527 est,
1345 1464 1431 1528 qui
1451 1478 1564 1512 nes·

392 1613 407 1626 ι
497 1542 664 1592 ciunt.
701 1542 879 1591 Barth.

542 1622 627 1668 -46
664 1618 892 1679 Exemplo
916 1615 1021 1678 tuo]
1055 1613 1212 1674 Quod
1239 1622 1293 1665 tu
1318 1615 1417 1665 tibi
1442 1629 1566 1665 con-

498 1689 698 1741 fecisti.
766 1692 1102 1755 Epitaphium
1141 1692 1316 1741 militis
1340 1689 1564 1741 Batavi:

500 1770 516 1797 ‘
538 1769 793 1832 Exemplo
818 1770 936 1817 mihi
969 1785 1081 1819 sum
1104 1771 1298 1834 primus
1330 1768 1445 1833 qui
1442 1767 1567 1816 talia

506 1844 678 1908 gessi!
715 1845 862 1893 Idem.

553 1920 801 1983 Exemplo
843 1936 933 1969 non
973 1920 1178 1985 feriere]
1232 1921 1326 1973 Ait
1380 1922 1568 1970 Eutro-

507 1995 666 2059 pium,
688 1996 777 2060 qui
815 1998 992 2046 multis
1015 2007 1174 2061 caput
1213 1996 1445 2058 abstulit,
1466 2010 1568 2045 non

504 2072 643 2122 idem
688 2073 1032 2136 adepturum3
1065 2076 1215 2139 eique
1251 2074 1411 2123 vitam
1455 2070 1569 2121 fore

507 2149 784 2213 supplicio.
839 2151 996 2200 Ovid.
1030 2153 1044 2180 ‘
1071 2151 1425 2201 tantummodo
1459 2150 1571 2198 vita

501 2225 687 2275 relicta
723 2232 824 2288 est,
860 2226 1104 2277 Praebeat
1146 2237 1204 2277 ut
1245 2241 1445 2276 sensum
1466 2240 1572 2275 ma·

502 2301 788 2365 tei-‘remque
811 2303 994 2352 malis!
1031 2306 1223 2355 Closer.

571 2378 635 2423 47
679 2376 790 2424 Vive
808 2380 962 2439 pudor
988 2378 1162 2444 fastis]
1201 2380 1363 2430 Fastis
1397 2379 1570 2443 Scipio

505 2451 738 2503 'Gentilis
781 2461 964 2504 contra
1001 2458 1382 2510 auctoritatem
1414 2458 1571 2509 libro·

498 2544 624 2579 -rum
647 2536 900 2599 veterum.
933 2533 1000 2582 D.
1026 2533 1196 2584 Heius.

576 2605 693 2656 Vive
733 2609 884 2669 pudor
914 2607 1066 2670 satis]
1131 2609 1292 2672 Cujus
1333 2609 1385 2658 in
1421 2613 1572 2659 aeter-

508 2698 631 2733 num
671 2684 868 2748 pudeat
906 2676 1045 2749 ipsos
1082 2686 1235 2737 Deos.
1298 2687 1384 2739 Sic
1405 2687 1460 2736 in
1499 2686 1572 2737 O·

508 2774 662 2824 pere:
698 2759 869 2810 ‘Proh
915 2762 1033 2811 caeli
1081 2769 1338 2827 terrasque
1383 2763 1571 2828 pudor,

511 2836 752 2887 trabeata
775 2852 871 2901 per
893 2838 1050 2888 urbes
1078 2838 1391 2890 Ostentatur
1412 2841 1572 2892 anns!

511 2914 692 2966 Bouto.

573 2994 639 3040 49
671 2993 901 3056 Dii-emas
937 2992 1064 3056 opes]
1109 2994 1302 3042 Exules
1338 2999 1394 3043 et
1435 2994 1571 3059 capi-

503 3069 593 3118 tali
600 3069 801 3132 ,iudicio
816 3071 1058 3121 „damnati
1080 3071 1214 3120 bona
1231 3070 1569 3133 amittebant;

512 3140 697 3210 quibus
739 3147 783 3195 si
823 3153 1004 3210 postea
1024 3145 1161 3196 fama
1183 3147 1571 3210 restituebatur,

507 3221 644 3272 bona
676 3237 785 3287 sua,
828 3229 918 3272 aut
961 3222 1279 3286 parentibus,
1310 3228 1371 3272 ut
1416 3222 1573 3286 pluri-

500 3300 932 3349 mum-redibant.
972 3301 1157 3350 Claver.

576 3375 736 3425 Natus
754 3373 965 3437 habebit]
997 3375 1185 3424 Patres
1218 3373 1353 3423 enim
1373 3373 1571 3425 Princi-

510 3468 632 3516 pum
657 3453 1051 3504 nominabantur
1085 3452 1313 3515 Patritii,
1345 3453 1490 3517 cujus
1515 3453 1574 3502 ti-

502 3530 675 3579 ·tulnm
702 3530 831 3580 miro
854 3530 1060 3594 iugenio
1100 3528 1349 3579 Eunucho
1380 3527 1572 3579 infelici

508 3606 811 3668 exprobrat.
877 3607 1095 3658 Jocatur
1146 3620 1268 3669 ergo
1305 3620 1406 3655 non
1460 3620 1572 3656 esse

510 3693 605 3729 cur
626 3678 749 3730 fleat
783 3682 1100 3746 Eutropium
1140 3681 1286 3731 bonis
1305 3683 1437 3732 enim
1459 3696 1571 3732 suc-

491 3755 699 3804 -cedere
753 3757 1148 3820 Imperatorem,
1204 3759 1288 3807 cui
1338 3759 1468 3823 ipse,
1513 3765 1573 3808 ut

498 3829 778 3889 Patritius,
826 3832 987 3882 Pater
1026 3832 1128 3883 sit:
1186 3834 1357 3897 potius
1392 3835 1468 3886 illi
1506 3834 1573 3884 de.

502 3910 620 3954 .tam
675 3907 897 3969 glorioso
942 3922 1238 3958 successore
1274 3910 1574 3973 laetandum,

509 3981 717 4030 minime
750 3984 955 4033 interim
1009 3984 1340 4034 mortalitatis
1393 3984 1573 4036 ordine

512 4056 742 4120 turbato,
773 4063 1063 4122 argutatur.
1127 4060 1382 4113 Parentes
1401 4063 1574 4125 Impe-

511 4138 737 4187 ratorum
762 4135 864 4185 dici
899 4136 1151 4187 Patritios
1188 4137 1381 4189 clarum
1405 4138 1472 4187 de
1495 4154 1572 4188 vs.

508 4207 818 4258 4.1nstitut.
853 4210 868 4237 ‘
895 4209 1080 4274 quibus
1102 4210 1268 4263 modis
1290 4212 1459 4297 patria
1480 4227 1572 4277 po-

500 4290 674 4334 testas
697 4286 963 4336 solvatur?
995 4287 1174 4339 Barth.

536 4366 635 4410 51
670 4362 843 4418 Pulsus
863 4354 994 4412 adm
1031 4365 1255 4429 querelis]
1302 4366 1571 4434 Papinius,

508 4388 598 4488 lib.
623 4454 674 4490 v
682 4440 875 4493 Silvar.
897 4440 992 4494 ult.
1012 4441 1178 4511 Ideni.

1699 1082 1764 1128 54
1801 1078 1960 1127 Terris
1998 1077 2150 1126 tutius
2181 1086 2339 1136 oequor
2376 1068 2504 1131 erut]
2552 1068 2705 1117 Terra

1637 1157 1782 1221 prim.
1820 1155 1992 1206 vatic.
2037 1155 2087 1203 in
2142 1148 2394 1202 nonnullis
2451 1149 2564 1198 erit.
2621 1146 2703 1195 ⁴1).

1636 1234 1820 1284 Heius.

1703 1315 1765 1358 55
1800 1308 1987 1357 Jaculis
2007 1311 2055 1357 et
2074 1305 2211 1368 ιινσιι]
2266 1301 2521 1354 Muliebri
2543 1313 2709 1350 arma·

1640 1393 1776 1449 tura,
1799 1385 2003 1449 qualem
2042 1383 2190 1433 dedit
2224 1382 2325 1445 ipsi
2364 1381 2467 1429 ritu
2494 1377 2710 1427 Amazo-

1638 1477 1760 1511 num
1783 1476 1941 1525 supra
1961 1460 2054 1511 lib.
2079 1472 2117 1509 ι.
2139 1458 2330 1508 Barth.

1703 1547 1767 1592 57
1802 1542 1991 1592 Dilecto
2011 1541 2191 1603 caruit]
2223 1537 2405 1588 Malim
2428 1535 2707 1598 Dilectoqsae

1640 1623 1784 1669 curet.
1801 1634 1962 1682 aequor
1982 1623 2104 1680 erat,
2121 1631 2224 1666 non
2248 1615 2359 1674 erit,
2378 1613 2562 1678 scripti
2584 1626 2710 1677 pau-

1640 1695 1690 1743 lo
1715 1701 1854 1743 ante.
1889 1694 1960 1743 D.
1984 1692 2152 1743 Heius.

1707 1771 1897 1819 Dilecto
1934 1768 2161 1833 Senatus]
2226 1766 2343 1818 Lib.
2385 1780 2424 1816 1.
2482 1779 2555 1815 vs.
2574 1767 2710 1815 4⁷².

1647 1848 1825 1897 Barth.

1707 1927 1771 1973 59
1804 1922 2005 1986 Tagum]
2036 1921 2189 1985 Togis
2224 1926 2281 1970 et
2314 1924 2567 1968 matrona:
2599 1931 2710 1966 ves-

1644 2001 1941 2061 tiebantur3
1973 1999 2249 2050 Eunuchus
2272 2012 2385 2046 eam
2410 1998 2713 2059 gestaverat

1643 2086 1703 2129 ut
1724 2076 1929 2127 foemina
1945 2092 1960 2138 3
1978 2091 2095 2126 cum
2113 2078 2322 2125 summae
2336 2071 2629 2137 dignitatis,
2651 2075 2713 2122 ut

1643 2159 1895 2204 matrona.
1932 2153 2083 2201 Idem.

1707 2235 1773 2281 60
1806 2227 2081 2291 Ingenium]
2144 2226 2279 2277 Redi
2335 2226 2402 2276 ad
2421 2241 2426 2244 “
2448 2223 2713 2290 ingenium

1647 2311 1825 2367 tuum;
1873 2312 2023 2355 natus
2048 2304 2183 2354 euim
2208 2318 2262 2353 es
2290 2302 2357 2353 ad
2389 2305 2635 2354 venerea
2655 2305 2715 2350 et

1646 2382 1852 2432 lenonia
1875 2396 2062 2445 opera:
2110 2381 2178 2430 de
2217 2380 2402 2446 quibus
2425 2381 2537 2429 late
2562 2392 2714 2443 supe·

1637 2458 1765 2510 ‘riori
1789 2458 1941 2509 libro.
1975 2458 2126 2510 Idem.
2427 2522 2432 2529 ι

1709 2540 1773 2586 63
1811 2536 1973 2584 Insula
1991 2536 2100 2584 loeta
2118 2535 2296 2598 choris]
2352 2534 2501 2585 Nota
2527 2534 2715 2598 Regna

1646 2609 1919 2675 Cypridis·
1906 2625 1958 2658 ιιι
1982 2611 2181 2675 Cypro.
2211 2610 2351 2659 [Δία
2377 2609 2568 2672 Charis,
2592 2623 2716 2674 gau-

1648 2688 1792 2750 dens,
1813 2687 2009 2749 hilaris,
2033 2686 2293 2737 delectata
2311 2686 2402 2737 iis
2388 2700 2715 2737 immensum.

1646 2768 1793 2817 Idem.

1710 2846 1775 2893 68
1811 2842 2020 2906 Fallere]
2055 2842 2205 2892 Dolis
2227 2846 2285 2892 et
2300 2840 2503 2891 astutiis
2525 2840 2716 2892 subde·

1646 2918 1770 2968 dere
1792 2918 2106 2968 amatoribus
2123 2917 2437 2968 monstrosis.
2505 2917 2716 2967 Concili-

1644 3012 1726 3046 ure
1747 2998 1883 3046 enim
1900 3011 2095 3047 summa
2113 2997 2348 3047 Eunuchi
2369 2995 2571 3045 lenonis
2591 2994 2715 3046 doe·

1647 3072 1783 3122 trina
1804 3078 1860 3122 et
1882 3072 2149 3137 professio.
2186 3074 2338 3123 Idem.

1709 3153 1775 3200 69
1812 3150 1880 3200 Te
1933 3166 2142 3213 mergere
2194 3151 2348 3213 venti]
2416 3149 2716 3213 Demergere

1645 3225 1855 3292 quintus
1876 3227 2177 3296 Vaticanus.
2211 3228 2278 3278 D.
2302 3225 2474 3275 Heius.

1714 3307 1745 3352 7
1748 3306 1779 3350 0
1815 3302 2035 3351 Gildonis
2054 3316 2203 3366 nuper
2220 3303 2299 3365 qui
2320 3300 2717 3365 tenuerefugam]

1649 3377 1819 3427 Fidem
1840 3378 2147 3428 Patavinus.
2186 3379 2381 3427 Gildoni
2397 3378 2559 3428 etiam
2583 3393 2714 3429 unus

1643 3453 1937 3504 Mediceus.
2004 3456 2185 3505 Forte:
2222 3455 2417 3505 Gildoni
2445 3472 2600 3520 nuper·
2619 3456 2715 3520 ‘qui

1644 3532 2014 3598 renuerefldm.
2047 3531 2114 3583 A.
2132 3533 2352 3602 Sabinus
2377 3522 2713 3599 responsione

1647 3605 1713 3656 ad
1737 3607 2048 3658 Ovidianam
2070 3610 2404 3674 Penelopen:
2439 3610 2456 3638 ‘
2476 3610 2597 3661 Nec
2613 3613 2719 3661 lau-

1648 3681 1764 3730 dem
1817 3684 1992 3733 Danai
2049 3690 2193 3735 tauto
2250 3700 2471 3736 renuere
2520 3686 2720 3737 labori!

1647 3758 1893 3811 Gratius:
1927 3762 2205 3815 ‘Sirenuit
2240 3772 2476 3830 cunctos,
2517 3772 2575 3817 et
2612 3780 2715 3816 ma·

1647 3842 1731 3885 ter
1749 3838 1988 3887 adultera
2024 3854 2125 3889 non
2164 3840 2274 3890 est.’
2335 3841 2542 3904 Noster
2580 3841 2715 3893 bello

1645 3911 1789 3963 Gild.
1811 3929 1887 3966 vs.
1898 3920 2012 3966 268.
2030 3932 2097 3967 ex
2111 3918 2279 3967 veteri
2293 3918 2494 3982 codice,
2512 3918 2716 3969 ‘renuit

1647 3987 1723 4039 sic
1744 3989 1904 4039 Graia
1918 3991 2189 4055 Philippus
2206 3991 2457 4056 Oppida?
2487 3993 2716 4059 Vulgata

1649 4069 1819 4113 tamen
1842 4066 1997 4116 lectio
2032 4073 2228 4116 temere
2269 4082 2371 4116 non
2405 4075 2491 4118 est
2523 4064 2711 4162 sollici·

1646 4137 1821 4190 tanda.
1859 4142 2010 4192 Idem.

1708 4219 1771 4266 71
1807 4218 2126 4285 Memor-atur]
2193 4221 2399 4270 Nomen
2452 4220 2615 4273 habet
2657 4228 2715 4275 et

1644 4287 1849 4343 famam.
1913 4294 2201 4356 Martialis:
2238 4297 2253 4325 ‘
2274 4297 2474 4362 Saepius
2497 4290 2710 4363 iu'libro

1644 4376 1961 4421 memoratur
1983 4372 2191 4422 Persius
2213 4372 2352 4423 uno.'
2387 4370 2592 4425 Barth(

1706 4444 1769 4493 *ts
1789 4444 2066 4510 Delphina]
2087 4447 2163 4498 Ut
2181 4454 2323 4498 vates
2339 4446 2521 4501 Arion.
2550 4451 2701 4505 Idm.
