2992 4925
532 371 709 440 142⁴

538 542 657 601 que.
681 532 926 584 Romanis
947 538 1164 584 eatenus
1197 533 1376 598 ignota
1408 530 1601 596 fuerat,

534 611 622 676 qui
642 611 926 660 Terrarum
947 609 1146 660 Orbem
1169 610 1404 661 victoriis
1425 624 1598 661 emen-

532 687 577 737 si
601 701 714 736 esse
739 686 907 736 videri
928 686 1191 736 volebant.
1226 686 1401 738 Barth.

532 763 539 768 '
600 768 665 815 52
701 761 999 825 flunmen]
1039 763 1328 827 Responsa,
1351 761 1597 827 jurisdic-

532 842 743 891 tionem.
798 841 1008 891 Fluvios
1033 854 1150 889 cum
1173 838 1464 889 divinitatis
1480 853 1597 903 par-

534 918 721 981 ticipes
758 917 939 967 Poetae
980 915 1196 979 faciant,
1225 931 1465 980 magnum
1518 922 1598 964 est

535 995 711 1044 eorum
737 994 1025 1043 nominibus
1048 1008 1144 1058 pro
1168 993 1436 1057 regionum
1457 993 1598 1060 inco·

532 1070 595 1121 lis
619 1071 716 1120 uti.
750 1072 899 1122 Idem.

598 1154 661 1199 5³
710 1150 890 1199 Leucus
919 1149 1073 1213 Arar]
1127 1150 1346 1200 Flumen
1390 1150 1598 1213 Galliae,

533 1223 842 1290 Lugdunum
898 1223 1192 1290 praefluens,
1242 1224 1597 1291 Rhodanoque

533 1315 589 1351 se
624 1299 915 1352 infundens.
997 1303 1222 1352 Lentum
1258 1303 1503 1368 alioquin,
1541 1310 1598 1355 et

530 1377 693 1427 stanti
725 1378 908 1441 simile,
933 1378 1286 1444 Rhodanoque
1318 1387 1597 1443 propterea

529 1453 851 1518 ⁴oppositum.

528 1543 567 1560 ··
598 1531 940 1595 Rhodumque
980 1532 1127 1596 celer]
1183 1533 1272 1582 Sic
1317 1534 1598 1583 Rhodanum

526 1609 821 1673 praecipitem
854 1623 956 1659 non
994 1611 1151 1659 semel
1190 1611 1397 1660 vocavit
1428 1609 1596 1661 Auso·

526 1684 662 1735 nius.
695 1685 787 1734 sed
812 1685 1227 1747 Rhodanusferox
1252 1688 1467 1736 Lucens.
1494 1686 1594 1750 pri.

531 1751 700 1812 Vatic.
717 1767 773 1811 et
797 1764 1022 1828 quinque
1045 1763 1150 1813 alii.
1174 1770 1232 1813 ut
1247 1777 1455 1813 caesurae
1475 1778 1595 1813 con-

530 1837 748 1890 sulatur.
813 1839 989 1903 Silius,
1019 1840 1053 1890 l.
1077 1853 1159 1889 w.
1192 1841 1329 1890 ‘non
1367 1838 1593 1889 Pirenen

533 1913 940 1980 Rhodanumque
975 1915 1214 1965 ferocem·
1241 1916 1399 1967 Jussa
1421 1928 1596 1978 asper·

529 1988 718 2039 natos.’
764 1989 842 2040 ita
883 1991 1190 2041 veterrimus
1235 1991 1384 2041 liber.
1418 1992 1594 2055 ·vnlgo

521 2064 780 2130 furentem
815 2068 831 2096 ‘
856 2065 996 2117 feras
1018 2067 1252 2117 Rhodani
1275 2068 1475 2133 gentes'
1492 2069 1595 2118 Ln-

528 2157 688 2193 canus
711 2143 843 2194 dixit
864 2144 954 2195 lib.
979 2160 1055 2195 vx.
1088 2144 1226 2195 idem
1262 2147 1351 2196 lib.
1374 2161 1412 2196 1.
1444 2147 1460 2174 ⁴
1484 2161 1597 2195 rue-

527 2226 648 2270 rent
684 2219 738 2268 in
778 2225 929 2284 terga
966 2219 1171 2271 feroces
1205 2222 1472 2272 Gallorum
1505 2237 1595 2287 po·

524 2295 676 2359 puli!
707 2303 888 2346 noster
909 2296 1000 2345 lib.
1024 2309 1085 2346 11.
1123 2298 1174 2345 in
1191 2297 1391 2347 Stilich.
1424 2299 1440 2326 ‘
1457 2296 1594 2347 flava

527 2384 726 2433 repexo
741 2371 912 2420 Gallia
928 2371 1071 2421 crine
1094 2371 1242 2422 ferox
1263 2372 1296 2422 ι’
1328 2374 1451 2424 alibi
1469 2376 1485 2403 ⁴
1503 2390 1593 2439 po-

524 2447 678 2512 pulos
698 2447 916 2498 levitate
936 2446 1154 2500 feroces’
1176 2448 1356 2501 Gallos
1371 2450 1592 2502 dixerat.

526 2528 708 2574 noster
744 2524 768 2557 ¹
792 2522 1018 2574 ferocem
1074 2526 1384 2576 Danubium’
1436 2537 1592 2578 vocat

529 2600 620 2649 lib.
646 2614 708 2651 ιι.
727 2600 780 2649 iu
805 2600 978 2650 Rufin.
1013 2602 1029 2629 ‘
1051 2603 1138 2651 alii
1163 2618 1258 2667 per
1277 2611 1428 2669 terga
1451 2603 1590 2657 fero·

526 2676 601 2726 cis
618 2677 850 2726 Danubii
887 2678 1106 2729 solidata
1140 2680 1328 2732 ruunt!
1391 2682 1591 2732 Seneca

524 2753 760 2804 Hercule
783 2746 1015 2804 Furente'
1031 2772 1044 2804 ε
1079 2757 1094 2783 ‘
1122 2757 1252 2808 Quis
1272 2758 1480 2820 Tanais,
1502 2766 1593 2809 ant

529 2830 645 2893 quis
667 2829 842 2894 Nilus,
856 2838 946 2881 aut
967 2831 1176 2882 Rhenus
1198 2832 1344 2883 ferox
1360 2835 1591 2887 Abiuere

526 2905 768 2957 dextram
786 2909 984 2972 poterit
1000 2908 1051 2962 θ’,
1074 2913 1269 2963 Lucan.
1292 2914 1327 2963 l.
1351 2928 1389 2964 1.
1422 2915 1437 2942 ‘
1456 2915 1589 2965 Rhe-

520 2982 684 3047 nique
727 2983 928 3036 feroces
970 2988 1232 3038 Deseritis
1275 2990 1454 3056 ripas!
1521 2991 1588 3040 D.

528 3059 704 3111 Heius.

522 3150 529 3155 ’
594 3137 940 3202 Mariusque
958 3140 1102 3204 celer]
1134 3141 1448 3191 Notissimus
1464 3142 1589 3192 Gal·

524 3211 609 3262 liae
649 3215 813 3263 amnis
854 3215 1168 3266 describitur
1205 3218 1270 3267 ab
1313 3218 1589 3269 Ammiano

528 3287 857 3353 Marcellino,
879 3292 910 3340 l.
934 3302 1030 3341 xv.

595 3364 748 3414 Dives
784 3365 972 3428 Iberus]
1029 3366 1113 3417 ob
1149 3370 1360 3419 metalla
1399 3369 1589 3434 Hispa-

525 3441 644 3500 nia’,
668 3444 936 3506 pru-cipue
959 3458 1155 3494 aurum.
1191 3446 1367 3497 Barth.

589 3525 651 3583 355
689 3518 754 3569 Te
764 3520 941 3583 iudice]
976 3520 1588 3588 Praefecto,P··aeposito-.

524 3596 774 3646 Burburus
813 3597 1023 3660 Rhenm,
1068 3614 1172 3663 qua
1213 3613 1315 3649 non
1369 3602 1589 3663 parebat

525 3672 784 3722 Romanis.
853 3674 1086 3738 Eratque
1126 3676 1142 3703 ‘
1167 3683 1276 3724 tum
1306 3674 1457 3738 fimes
1487 3677 1589 3726 Im-

520 3747 691 3812 perii?
727 3748 880 3798 Idem.
1314 3742 1327 3753 ’

589 3830 654 3874 ⁵6
692 3825 922 3890 Utriusfit
942 3841 1055 3875 cura
1076 3828 1193 3890 uiri]
1246 3829 1445 3878 lterum
1488 3831 1588 3881 Ro-

522 3915 674 3950 mano
708 3899 936 3965 Imperio
959 3909 1213 3953 terrarum
1249 3905 1424 3956 orbem
1446 3908 1590 3957 addi-

520 3977 614 4027 cit.
662 3978 809 4027 Idem.

881 389 1100 440 NOTA}
1138 377 1549 447 -vsmonmi
1597 388 1674 438 ln
1725 389 1843 440 cl..
1887 387 2170 441 omum.
2217 389 2414 441 XVI!-

1672 534 1846 584 vatic.
1900 541 1957 584 et
1980 534 2256 600 Pomponii
2295 535 2429 585 Laeti
2464 542 2733 602 excerpta.

1674 611 1819 673 prior
1854 612 2051 661 Moret.
2090 618 2148 661 et
2186 612 2288 661 duo
2312 612 2421 673 alii,
2453 625 2738 675 quocumque

1672 687 1874 737 rubescit
1917 686 2137 739 Occasus.
2188 695 2368 737 noster
2418 688 2736 737 locutionem

1672 765 1807 814 hanc
1838 764 2174 815 veliementer
2205 773 2361 815 amat.
2396 766 2547 829 paulo
2581 771 2734 830 post:

1672 839 1689 866 ‘
1706 839 2083 905 Quodcumque
2099 840 2299 891 recedit
2310 840 2529 904 Litibus,
2546 842 2741 892 incum-

1673 915 1753 966 bit
1774 916 1997 966 studiis.’
2041 917 2190 968 Bello
2212 917 2351 969 Gild.
2384 920 2401 947 ‘
2421 920 2558 984 qnod
2586 919 2736 970 Nilus

1676 1000 1732 1043 et
1755 992 1904 1044 Atlas
1927 993 2182 1059 Dissidet,
2202 994 2451 1045 Occiduis
2476 996 2616 1060 quod
2635 996 2739 1046 Gn-

1673 1070 1826 1120 dibus
1845 1072 1991 1121 arida
2011 1072 2203 1133 Barce,
2226 1072 2484 1137 Quodque
2502 1074 2741 1122 Paraeto·

1675 1149 1762 1197 nio
1797 1149 1998 1199 secedit
2032 1149 2212 1199 littore
2232 1149 2461 1212 Ganges,
2495 1149 2614 1199 Hoc
2635 1149 2738 1200 sibi

1676 1225 1971 1275 transcribit
1992 1225 2292 1289 proprium?
2357 1225 2473 1275 Lib.
2502 1238 2539 1275 ι.
2561 1227 2612 1274 in
2636 1225 2741 1275 Eu·
2810 1244 2818 1253 ·

1676 1307 1810 1364 trop.
1850 1302 1867 1329 ⁴
1892 1300 2132 1366 quicquid
2172 1316 2227 1350 se
2261 1302 2436 1366 Tigris
2461 1302 2525 1351 ab
2553 1303 2738 1352 Haemo

1677 1377 1923 1428 Dividit!
1987 1389 2062 1427 vx.
2096 1379 2251 1428 Cous.
2289 1379 2486 1430 Honor.
2520 1383 2535 1408 ‘
2562 1380 2735 1431 Omne

1675 1453 1916 1505 Palatino
1941 1455 2076 1520 quod
2111 1470 2237 1519 pons
2259 1470 2288 1504 a
2326 1464 2499 1505 monte
2531 1457 2739 1524 recedit

1671 1532 1940 1581 Mulvius!
2001 1533 2217 1595 Statius,
2246 1533 2408 1585 Theb.
2444 1548 2523 1585 11.
2571 1537 2588 1564 ‘
2614 1534 2735 1586 Hoc

1673 1607 2017 1672 quodcunque
2070 1608 2284 1658 madent
2337 1610 2528 1674 campi,
2595 1610 2736 1675 qnod

1674 1685 1924 1748 sanguine
1957 1685 2159 1735 fumant
2192 1688 2403 1751 Stagna,
2421 1687 2562 1752 qnod
2590 1689 2736 1737 innu-

1673 1751 1815 1811 mero
1841 1763 2054 1811 Lethaea
2085 1763 2319 1812 examine
2355 1764 2552 1826 gaudet
2583 1763 2736 1827 Ripa,

1675 1853 1802 1888 meae
1833 1839 2007 1888 vires!
2072 1841 2268 1889 Lucan.
2304 1840 2394 1891 lib.
2416 1852 2503 1891 ιιι.
2536 1843 2553 1870 ‘
2578 1842 2734 1894 Quic-

1674 1915 1797 1979 quid
1823 1915 1890 1964 ab
1915 1915 2164 1965 occiduis
2198 1916 2361 1980 Libye
2402 1921 2554 1981 patet
2588 1917 2736 1967 arida

1672 1993 1908 2042 Mauris!
1939 1995 2006 2045 D.
2031 1994 2201 2043 Heius.

1736 2074 1800 2120 67
1837 2072 2164 2133 Quodcumque
2183 2071 2286 2119 dies
2313 2071 2536 2130 devexior
2561 2071 2735 2137 ambit]

1671 2146 1985 2196 Universum
2042 2146 2346 2196 Occidentis
2414 2146 2730 2210 Imperium:

1672 2225 1885 2275 diversis
1909 2231 2082 2274 tamen
2102 2226 2439 2289 temporibus.
2472 2227 2649 2277 Barth.
2713 2241 2724 2248 ·

1733 2308 1798 2352 68
1828 2302 2058 2352 Assiduus
2077 2302 2291 2366 honores]
2336 2304 2617 2368 Nunquam
2652 2305 2732 2353 in-

1667 2385 1947 2442 terruptos,
1982 2379 2126 2427 velut
2164 2379 2328 2429 altero
2352 2382 2573 2429 alterum
2606 2381 2733 2429 assi:

1668 2455 1845 2518 dente,
1866 2462 2183 2520 perpetuave
2202 2464 2391 2507 eatena
2409 2457 2731 2509 adhaerente:

1737 2534 1937 2597 Cursus]
1970 2532 2054 2583 Ad
2089 2535 2284 2599 majora
2317 2534 2614 2584 festinantis
2654 2536 2731 2585 in-

1668 2611 1862 2676 tellige.
1914 2611 2002 2661 Sic
2025 2611 2146 2661 alibi
2170 2612 2463 2661 transcursu
2487 2611 2735 2661 stilicho-

1664 2701 1783 2736 nem
1828 2688 1992 2750 egisse
2035 2694 2301 2748 memorat,
2353 2703 2467 2751 quae
2508 2687 2596 2736 alii
2641 2688 2736 2744 vix,

1666 2778 1862 2814 summo
1886 2765 2061 2814 labore
2087 2765 2369 2829 potuerint.
2408 2765 2557 2814 Idem.

1732 2840 1971 2903 Honores]
2067 2842 2426 2913 Magistratus,
2510 2841 2733 2905 dignita·

1667 2925 1760 2968 tes.
2677 2946 2678 2949 ¹

1728 2996 1793 3044 ⁶9
1834 2995 1940 3044 Una
1958 2994 2101 3057 oetas]
2137 2995 2383 3060 Sequitur
2400 2995 2538 3044 haud
2570 2995 2730 3049 dubie

1663 3076 1959 3134 togatorum
1977 3070 2345 3122 doctissimum.
2361 3072 2574 3121 Marcus
2589 3073 2729 3122 enim

1662 3149 1830 3197 Varro
1855 3149 2064 3198 seorsim
2087 3149 2161 3197 *ab
2185 3149 2296 3197 aliis
2319 3148 2565 3211 sentiens,
2600 3155 2728 3198 aeta·

1664 3223 1731 3272 tis
1754 3223 1975 3286 spatium
1998 3237 2090 3273 xv.
2126 3224 2270 3273 annis
2302 3224 2553 3274 definivit.
2619 3223 2729 3274 Ita-⁹

1663 3314 1887 3364 queuna
1909 3301 2131 3363 juvenili
2167 3308 2344 3362 aetate,
2384 3301 2480 3349 hoc
2514 3306 2618 3360 est,
2659 3299 2727 3349 ab

1663 3390 1797 3424 anno
1839 3389 1930 3426 xV.
1970 3377 2035 3425 ad
2078 3389 2223 3426 xxx.
2260 3377 2510 3425 Manlium
2545 3376 2726 3427 omnes

1661 3450 1880 3501 honores
1912 3465 2172 3502 emensum
2218 3460 2453 3502 autumat
2489 3448 2732 3502 Claudia&

1662 3534 1793 3576 nus:
1831 3528 1914 3577 vel
1946 3541 2068 3578 sane
2105 3529 2171 3578 ab
2209 3544 2341 3578 anno
2380 3543 2516 3579 xxx.
2563 3544 2727 3594 usque

1663 3615 1790 3653 xm.
1857 3602 2003 3654 Alios
2026 3606 2125 3654 alio
2159 3606 2339 3657 ordine
2376 3607 2501 3654 alias
2541 3614 2727 3656 aetates

1663 3679 1955 3729 distinxisse
1998 3682 2163 3732 tradit
2201 3684 2515 3733 Censorinus
2560 3699 2608 3734 c.
2647 3689 2727 3736 14.

1659 3755 1730 3804 ,de
1755 3757 1856 3804 Die
1885 3757 2006 3806 Nat.
2041 3759 2190 3808 Idem.
2387 3772 2388 3775 ’

1726 3832 1962 3892 Interfuit
1983 3834 2121 3897 aetas]
2153 3834 2399 3898 luiterstuit
2420 3850 2535 3885 cium
2560 3837 2732 3886 Demi

1661 3907 1794 3957 libro
1816 3918 1870 3957 et
1892 3910 2118 3959 Juniano
2154 3912 2447 3974 legendum.
2485 3913 2583 3974 pri.
2624 3913 2732 3962 Va-

1662 3985 1751 4033 tic.
1797 4000 1891 4049 pro
1931 3987 2135 4037 diversa
2184 3990 2408 4038 lectione
2451 3990 2733 4042 intervenit.

590 4055 919 4123 Quodcumque
948 4052 1157 4104 rubescit
1204 4057 1432 4121 Occasus]
1502 4058 1586 4109 Sic
1653 4051 1825 4125 probe
1847 4064 2001 4113 etiam
2024 4066 2340 4128 Gyraldinus
2359 4072 2515 4116 testas.
2539 4075 2597 4118 ut
2614 4070 2733 4121 1.·ιι.

518 4129 708 4194 scripti
730 4128 840 4179 fere
863 4145 1037 4181 omnes
1058 4146 1175 4181 cum
1199 4133 1379 4195 primis
1401 4134 1588 4184 editio·
1663 4137 1715 4186 in
1739 4140 1956 4204 Eutrop.
1989 4143 2006 4170 ‘
2024 4143 2127 4192 Sed
2153 4159 2281 4208 vaga
2304 4144 2507 4193 lascivis
2539 4143 2734 4198 flueret

522 4203 692 4259 nibus.
715 4207 935 4258 Lucens.
957 4207 1202 4260 Ocea-sum.
1228 4210 1413 4258 Occasu
1434 4212 1587 4275 prim.

1661 4213 1981 4266 discursibus
2005 4218 2198 4268 aestas?
2232 4220 2307 4269 D.
2331 4217 2510 4271 Heius.
