2992 4925
476 367 652 436 lm
867 381 1256 434 asenneus
1299 379 1638 434 oonrcmr
1681 379 1800 433 οι..
1843 373 2274 434 enemim
2387 409 2394 414 -

478 529 700 597 codex
734 528 809 595 in
851 528 1005 596 8νο.
1053 529 1365 612 oblongae
1421 529 1679 607 formae,
1733 526 2083 595 Claudiani
2135 529 2455 618 Operum,
2518 543 2679 601 sae.-

479 640 670 698 xlv.¹
760 631 938 696 Olim
985 631 1113 696 fuit
1152 632 1333 715 apud
1381 632 1732 697 Danielem
1773 632 2158 716 Rogerium.

569 734 921 799 Hactenus
950 735 1035 799 de
1066 733 1434 800 Codicibus
1464 735 2151 819 Cantabrigiensibus:
2195 739 2469 823 publica
2500 740 2684 804 enim

479 834 954 902 Universitatis
983 838 1412 904 Bibliotheca
1440 839 1797 905 Claudiani
1838 840 2090 905 nullum
2130 842 2436 924 possidet
2478 839 2689 907 Codi-

478 955 650 1017 cem,
681 943 747 1003 et
798 939 860 1004 si
896 941 973 1004 in
1001 959 1132 1004 unu
1176 942 1285 1005 vel
1332 941 1545 1006 altera
1572 941 2013 1024 collegiorum
2060 943 2479 1010 Bibliotheca
2505 957 2689 1010 unus

479 1041 589 1106 vel
614 1042 778 1107 alter
803 1041 1029 1120 lateat,
1059 1041 1241 1128 quod
1267 1063 1403 1109 non
1430 1046 1805 1129 opinamur,
1833 1065 1959 1111 nos
1985 1046 2240 1131 effugit.

1288 1287 1499 1354 Codex
1532 1286 1880 1353 Edinensis.
1901 1362 1908 1370 ,

568 1449 652 1515 In
699 1452 1128 1519 Bibliotheca
1184 1454 1463 1538 publica
1521 1455 1700 1538 apud
1759 1453 2157 1533 Edinenses,
2197 1474 2351 1540 quae
2410 1459 2695 1521 vocatur

489 1550 620 1620 The
662 1553 1030 1621 Advocate’s
1075 1553 1383 1645 Libram,
1431 1563 1539 1624 est
1567 1558 1807 1624 Codex
1834 1557 1905 1623 in
1957 1556 2267 1641 Pergam.
2293 1558 2361 1622 in
2381 1556 2546 1623 Svo.
2577 1556 2693 1641 qui

482 1658 774 1724 continet
800 1657 1153 1726 Claudiani
1182 1660 1433 1746 Opera,
1465 1660 1917 1746 superadditis
1946 1657 2180 1725 Ovidii
2208 1659 2460 1726 Fastis.

786 1888 1036 1958 Codices
1065 1892 1131 1957 in
1164 1890 1471 1960 Biblioeh.
1503 1890 2024 1979 Archiepiscopal.
2057 1886 2387 1955 Lambeth.
2517 1861 2524 1868 .

567 2055 651 2122 In
677 2056 1100 2124 Bibliotheca
1125 2058 1375 2125 Palatii
1404 2057 1856 2137 Lambethini,
1888 2077 2132 2142 nempe
2161 2053 2688 2139 Archiepiscopi

484 2159 1009 2241 Cantuariensis,
1034 2169 1138 2228 est
1156 2161 1397 2229 Codex
1414 2162 1554 2228 ΜΒ.
1571 2164 1729 2230 421.
1745 2164 1814 2229 6.
1837 2163 1978 2249 qui,
2003 2163 2170 2227 inter
2198 2160 2357 2237 alia,
2388 2159 2692 2225 continet

484 2259 910 2346 Florilegium
955 2285 1046 2330 ox
1088 2264 1484 2346 Claudiano,
1533 2265 1845 2345 Horatio,
1876 2271 1945 2331 et
1986 2263 2261 2330 Ovidio.
2306 2260 2690 2327 Membran-

480 2377 636 2432 saee.
668 2380 836 2430 xlv,
1378 2389 1387 2394 ·

568 2465 655 2532 In
677 2467 909 2532 eadem
931 2467 1378 2548 Bibliotheca,
1411 2470 1472 2534 si
1501 2469 1584 2533 de
1612 2468 1953 2534 contrariis
1981 2469 2202 2534 dicere
2239 2467 2344 2532 fas
2366 2465 2477 2547 sit,
2506 2468 2694 2532 extat

434 2601 441 2606 ·
482 2565 729 2652 poema
776 2569 942 2634 illud
991 2573 1515 2651 celeberrimum,
1571 2571 1754 2655 quod
1803 2571 1975 2636 inter
2020 2570 2300 2636 delicias
2344 2567 2479 2634 fuit
2530 2586 2689 2634 saec.

484 2684 664 2736 xm.
751 2670 1412 2754 Anti-Claudianum,
1470 2678 1744 2741 auctore
1802 2671 2025 2739 Alano
2084 2673 2169 2738 de
2220 2670 2491 2737 Insulis.
2578 2665 2688 2733 Ad
2801 2756 2810 2765 .

368 2806 375 2813 ·
479 2772 609 2836 hoc
636 2773 876 2858 poema
897 2795 1053 2861 quae
1085 2775 1469 2842 Chaucerus
1499 2781 1721 2840 noster
1744 2774 1911 2841 dicit
1936 2774 2279 2842 referenda
2299 2778 2457 2839 sunt
2468 2777 2519 2837 :²
2661 2850 2670 2858 α

1000 2875 1160 2942 And
1181 2878 1328 2960 then
1357 2879 1628 2960 thought
1654 2877 1692 2941 Ι
1714 2877 1794 2943 of
1814 2876 2106 2956 Mariam

997 2978 1154 3044 And
1185 2979 1311 3045 eke
1338 2981 1418 3045 of
1437 2978 1985 3059 Anti-claudian,

998 3081 1176 3146 That
1202 3085 1389 3148 sothe
1409 3103 1554 3149 was
1581 3082 1749 3147 their
1776 3082 2185 3167 description

999 3180 1101 3245 of
1117 3182 1209 3246 all
1238 3183 1349 3248 the
1374 3182 1643 3248 heven’s
1666 3184 1916 3267 reg-ion.

1491 3281 1742 3369 Temple
1768 3280 1853 3372 of
1861 3280 2076 3363 Fame,
2108 3298 2172 3348 Β.
2197 3300 2281 3346 ιι.
2310 3292 2419 3348 v's.
2444 3281 2599 3348 478.

1219 3509 1429 3579 Codex
1470 3512 1953 3580 Greshamensis.

567 3676 788 3745 Catal.
816 3678 992 3744 Mss.
1023 3677 1225 3762 Angl.
1252 3683 1320 3743 et
1347 3677 1422 3743 H
1425 3679 1521 3745 ib.
1550 3679 1854 3762 assignat
1878 3679 2078 3745 3135.
2124 3677 2278 3745 236.
2368 3675 2681 3745 Claudiae

477 3799 639 3847 num
665 3779 936 3864 poetam
973 3780 1194 3848 Libris
1227 3779 1405 3847 Mss.
1433 3781 1880 3855 Bibliothecae
1912 3779 2379 3891 Norfolcensis
2426 3780 2500 3845 in
2528 3777 2682 3847 Gol-

1477 4035 1692 4089 No'rAE

543 4165 572 4211 1
608 4161 671 4211 In
695 4161 945 4226 catalogo
980 4161 1234 4214 Nasmith.
1266 4177 1539 4217 ccxxvnt.
1621 4167 1823 4218 bethini
1860 4181 1895 4218 a
1938 4167 2055 4220 viro
2086 4167 2263 4233 docto,
2314 4165 2387 4219 Η.
2428 4164 2476 4217 1.
2517 4159 2672 4223 'four

541 4243 577 4290 2
629 4238 751 4291 Vid.
786 4241 957 4294 Catal.
1001 4240 1131 4293 Mos.
1161 4242 1359 4294 Palatii
1392 4245 1543 4295 Lam·
1623 4243 1885 4296 Libra-io.
