2992 4925
1001 397 1005 402 ’
1112 392 1229 442 ct..
1275 392 1731 444 ‹insumat-11.
2355 369 2532 448 1758

310 543 405 594 2-2—
444 536 1077 597 Vindobonae.4.1n
1100 535 1385 595 Rufinum
1413 535 1547 600 libri
1577 551 1682 596 11.
1741 585 1744 586 γ
1743 533 1960 595 Estin-
1957 531 2120 596 Bibl.
2149 536 2443 618 Goeuing.

314 669 405 681 --
436 636 807 713 Noribergae.
836 645 896 695 4.
899 634 1060 694 -de
1087 643 1259 712 raptu
1287 634 1677 713 Proserpinae,
1721 634 1817 693 ed.
1850 633 2188 705 Philomusi,
2218 654 2326 713 per
2368 635 2525 697 Frid.

308 769 317 776 ·
405 732 591 812 Posp-

327 837 485 899 1519
521 831 781 890 Juntina.
812 839 868 890 8.
942 829 1053 889 Per
1081 830 1343 891 haeredes
1373 830 1630 909 Philippi
1652 832 1871 890 Juntae
1907 831 2226 903 Florentiae,
2260 848 2524 892 MDXIX.

271 912 281 918 ’
396 928 597 988 Leone
625 928 857 987 decimo
886 926 1194 987 Pontifice.
1254 928 1478 987 Habet
1507 928 1663 987 Bibl.
1696 927 1994 1007 Goettingr
2075 930 2358 990 Praefatur
2383 932 2527 990 Ant.

403 1025 749 1084 Franciscus
795 1024 1161 1086 Varchiensis
1200 1025 1276 1084 ad
1312 1027 1514 1086 Franc.
1560 1026 1903 1106 Spinellum,
1946 1027 2452 1087 eruditissimum
2424 1046 2529 1105 Ju-

310 1167 323 1176 .
400 1141 603 1181 venem
626 1130 753 1182 *2—-5
774 1121 1126 1182 Florentiam
1154 1143 1417 1183 reversus
1459 1124 1656 1184 statim
1687 1125 1983 1184 Beruardo
2009 1126 2205 1184 Juntae
2244 1133 2530 1194 nostro-'-

401 1219 1059 1296 persuadeo—collatis
1105 1240 1246 1299 ergo
1293 1222 1351 1280 in
1400 1242 1581 1281 unum
1610 1222 2027 1301 antiquissimis
2074 1222 2528 1300 exemplaribus,

310 1320 347 1373 ,ζ
368 1336 538 1402 equa!
580 1320 879 1396 potuimus
906 1320 1151 1380 vulnera
1193 1319 1523 1382 Claudiano
1553 1321 1902 1390 sanavimus,
1943 1319 2018 1379 ad
2051 1321 2164 1379 hoc
2192 1319 2316 1380 acri
2353 1317 2530 1379 Daxii

392 1414 626 1491 judicio
657 1415 764 1485 usi,
807 1415 958 1475 adeo
1008 1425 1075 1476 ut
1119 1427 1487 1496 compertum
1538 1419 1809 1489 habeam,
1854 1427 1911 1477 te
1939 1437 2056 1477 non
2092 1418 2345 1497 amplius
2389 1436 2528 1477 eum

304 1516 346 1556 -“
403 1512 692 1572 Claudum
735 1516 1276 1593 nuncupatorum?
1330 1516 1491 1588 *Non
1529 1533 1718 1575 ⁴usum
1774 1535 1900 1594 esse
1945 1516 2186 1574 Juntam
2238 1514 2530 1575 Camertis

320 1659 329 1668 .
376 1609 681 1682 editione,
716 1623 992 1690 apparet,
1035 1612 1198 1691 quod
1246 1632 1367 1671 non
1411 1612 1594 1673 habet
1622 1612 2008 1690 quatuor-illa
2035 1611 2400 1673 carminaab
2428 1611 2529 1672 illo

402 1707 657 1785 primum
680 1710 858 1769 edita.
1317 1755 1322 1761 -

316 1813 481 1867 1523
524 1806 756 1868 Aldina.
787 1817 845 1868 8.
876 1808 970 1868 Cl.
1001 1808 1312 1871 Claudiani
1340 1828 1519 1887 opera
1548 1829 1725 1888 quam
1769 1807 2202 1887 diligentissime
2229 1807 2526 1886 castigata.

405 1887 474 1960 In
504 1900 649 1963 fine:
685 1904 981 1964 Venetiis
965 1925 1024 1964 in
1054 1905 1283 1965 aedibus
1311 1906 1451 1965 Aldi
1473 1915 1534 1965 et
1563 1906 1809 1966 Andreae
1838 1906 2080 1965 Asulani
2101 1905 2311 1974 soceri,
2330 1924 2529 1964 mense

406 2001 626 2061 Martio
681 2003 1408 2063 MDXX111.Praefatur
1464 2005 1667 2063 Franc.
1725 2004 2015 2063 Asulanus
2067 2001 2140 2061 ad
2173 1999 2398 2061 Nicol.
2453 2002 2528 2061 de

403 2098 608 2160 Guttis
643 2100 1077 2171 florentinum,
1116 2089 1487 2179 Episcopum
1531 2101 1796 2177 firment
1843 2109 1860 2134 ‘
1892 2100 2029 2160 Non
2081 2098 2272 2172 solum
2318 2098 2527 2169 multa,

405 2215 541 2273 quae
596 2218 872 2276 perverse
919 2197 1288 2275 legebantur,
1353 2197 1689 2257 curavimus
1744 2195 2142 2269 restituenda:
2190 2193 2289 2254 sed
2338 2203 2530 2254 totum

402 2294 581 2370 piane
608 2316 758 2374 opus
798 2296 1078 2357 diffusum
1107 2304 1279 2356 antea
1320 2296 1402 2379 ita
1429 2296 1860 2375 disposuimus:
1907 2305 1973 2355 ut
2008 2313 2297 2355 summam
2342 2292 2534 2372 possit

402 2393 733 2472 legentibus
753 2394 1193 2474 jucunditatem
1221 2394 1452 2455 afferre.
1538 2395 1675 2453 Huc
1712 2392 1888 2465 adde,
1933 2392 2096 2471 quod
2124 2391 2182 2450 in
2210 2390 2531 2450 Herculem

405 2512 641 2553 carmen
691 2513 809 2553 non
852 2494 1171 2572 ineleganS,
1213 2493 1378 2553 etde
1428 2491 1645 2552 Sirenis
1683 2491 2053 2571 epigramma
2101 2509 2209 2549 nos
2235 2488 2410 2568 primi
2456 2508 2530 2547 ex

401 2589 736 2670 fragmento
779 2591 1040 2670 quodam
1070 2590 1467 2651 vetustissimo
1494 2592 1553 2650 in
1593 2590 1860 2650 medium·
1877 2588 2254 2669 protulimus,
2296 2607 2405 2647 nec
2448 2594 2531 2647 ta·

318 2738 327 2749 .
400 2675 540 2748 'men
562 2709 871 2769 negamuS,
903 2691 1032 2750 haec
1060 2691 1257 2750 omnia
1285 2690 1520 2751 meliora
1537 2687 1891 2753 ‚melioribus
1909 2685 2347 2765 exemplaribus
2374 2683 2530 2744 effici

318 2792 349 2843 .’
402 2792 618 2864 posse!
699 2790 786 2848 Ex
836 2809 928 2860 eo,
974 2789 1136 2868 quod
1163 2809 1285 2863 ase
1313 2778 1566 2867 primum
1616 2807 1850 2847 carmen
1901 2786 1958 2844 in
1989 2785 2302 2857 Herculem
2343 2792 2407 2842 et
2452 2782 2530 2841 de

396 2885 705 2945 Sirenibus
735 2886 1092 2966 epigramma
1115 2886 1408 2975 prplatum
1438 2882 1540 2956 ait,
1581 2882 1902 2960 colligitur,
1930 2880 2041 2959 ipsi
2066 2880 2355 2941 Camertis
2385 2878 2528 2939 edit.

314 3011 327 3017 ·
402 3002 522 3061 non
550 3003 679 3043 esse
698 2985 898 3044 visam.

319 3112 407 3126 --
447 3083 672 3141 Veneta
699 3082 861 3161 Opp.
885 3093 943 3143 4.

324 3187 487 3242 1530
525 3180 705 3240 Paris.
759 3189 815 3241 8.
874 3181 963 3240 Cl.
1022 3178 1329 3240 Claudiani
1385 3176 1789 3248 Alexandrini,
1835 3180 2133 3253 quotquot
2172 3177 2373 3241 nostra
2416 3171 2530 3230 hac

394 3288 746 3356 tempestate
772 3287 995 3348 extant,
1038 3276 1348 3356 Opuscula
1376 3295 1475 3354 ap.
1510 3274 1734 3349 Simon
1764 3272 2111 3333 Colinaeum.
2190 3271 2285 3345 (In
2325 3268 2528 3331 Catal.

386 3375 952 3453 Bib1.San-azianae
972 3374 1160 3435 editio
1189 3391 1560 3451 summopere
1587 3378 1867 3431 accurata
1894 3368 2159 3441 dicitur.)

324 3481 486 3536 1534
528 3474 784 3534 Basileus
837 3484 896 3534 8.
944 3474 1037 3533 Cl.
1096 3469 1403 3531 Claudiani
1457 3474 1651 3546 potitae
1705 3465 2069 3541 celeberrimi
2128 3461 2347 3536 omnia,
2392 3480 2527 3539 quae

320 3606 331 3611 -
404 3572 646 3649 quidem
701 3581 924 3643 extant,
966 3591 1149 3649 opera
1183 3568 1273 3643 ad
1324 3575 1586 3627 veterum
1644 3549 2086 3642 exemplarium
2117 3558 2293 3620 fidem
2346 3578 2527 3637 quam

342 3668 532 3730 fieri
560 3670 757 3748 potuit
778 3668 1240 3729 emendatissime
1265 3682 1504 3734 excusa,
1548 3661 1819 3721 versibus
1843 3659 2017 3718 etiam
2047 3657 2296 3734 aliquot,
2320 3675 2530 3715 eorun-

322 3818 329 3824 .
405 3767 543 3826 dem
575 3765 884 3836 beneficio,
902 3784 1110 3842 ‚super
1139 3782 1339 3823 omnes
1368 3762 1653 3833 hactenus
1684 3757 1966 3819 editiones
1996 3754 2239 3833 sparsim
2267 3753 2531 3832 locuple·

408 3874 550 3935 tata,
593 3883 662 3923 ex
693 3864 809 3923 aed.
838 3864 935 3922 J0.
966 3858 1556 3920 Bebeliie-Michael
1583 3855 1927 3932 Isingrinius
1960 3851 2262 3932 praesatus
2264 3861 2373 3921 est,
2399 3851 2526 3910 lau·

352 4018 355 4021 .
406 3962 667 4040 dataque
704 3960 1019 4020 Viennensi
1043 3958 1139 4017 ed.
1164 3960 1265 4027 Jo.
1296 3954 1605 4023 CamertiS‚
1650 3953 2083 4013 emendatorem
2114 3949 2301 4023 Mich.
2332 3947 2530 4007 Benti-

403 4078 568 4130 num,
613 4058 715 4136 qui
742 4057 1043 4135 exemplar
1064 4075 1100 4115 a
1128 4054 1415 4132 Capitone
1443 4050 1879 4130 suppeditatum
1911 4047 2274 4117 contulerat,
2280 4034 2527 4121 ejusque

404 4156 729 4218 Claudiano
776 4151 1071 4216 immortui
1119 4170 1520 4213 successorem
1565 4151 1662 4209 Jo.
1708 4148 2040 4206 Honterum
2094 4144 2231 4202 huic
2283 4140 2528 4201 editioni

323 4298 331 4313 .
370 4255 708 4334 praefuisse
761 4261 1091 4337 memorat..
1154 4249 1458 4329 Bentinus
1483 4248 1751 4328 ⁸Eiasmo
1799 4265 1917 4305 non
1970 4241 2270 4303 laudatur.
2351 4238 2528 4298 Plura
2647 4299 2655 4307 ,
